=LDR  02234aam a2200277   4500
=001  18279
=005  20251001162313.0
=008  111128s2006\\\\\\\\\\\\\\\\\\\\\\0\eng
=020  \\$a9780816636662
=041  \\$aeng$hger
=100  \\$4aut$aAdorno, Theodor W.$d1903-1969$1http://www.wikidata.org/entity/Q152388$915795
=245  \\$aPhilosophy of New Music
=260  \\$aMinneapolis, MN$bUniversity of Minnesota Press$c2006
=300  \\$a208 pages
=520  \\$aIn 1947, Theodor Adorno announced his return after exile in the United States to a devastated Europe by writing Philosophy of New Music. Intensely polemical from its first publication, every aspect of this work was met with extreme reactions, from stark dismissal to outrage. Even Schoenberg reviled it. Despite the controversy, Philosophy of New Music became highly regarded and widely read among musicians, scholars, and social philosophers. Marking a major turning point in his musicological philosophy, Adorno located a critique of musical reproduction as internal to composition itself, rather than as a matter of the reproduction of musical performance. Consisting of two distinct essays, 'Schoenberg and Progress' and 'Stravinsky and Reaction,' this work poses the musical extremes in which Adorno perceived the struggle for the cultural future of Europe: between human emancipation and barbarism, between the compositional techniques and achievements of Schoenberg and Stravinsky.
=600  \0$aSchoenberg, Arnold$d1874-1951$1http://www.wikidata.org/entity/Q154770$915986
=600  \0$aStravinsky, Igor$d1882-1971$1http://www.wikidata.org/entity/Q7314$919367
=648  \0$a20th Century (1901-2000)$1http://www.wikidata.org/entity/Q6927$920936
=650  \0$aMusic philosophy and aesthetics$1http://www.wikidata.org/entity/Q2092865$921165
=650  \0$aAvant-garde$1http://www.wikidata.org/entity/Q102932$921178
=651  \0$aDarmstadt (Germany)$1http://www.wikidata.org/entity/Q2973$921595
=700  \\$4trl$aHullot-Kentor, Robert$915794
=765  \\$aPhilosophie der neuen Musik
=942  \\$cBOO
=952  \\$00$10$2ddc$40$6AES_ADOR$70$8AES$918333$aORPH$bORPH$cKM12_1$d2022-09-19$l0$oAES ADOR$p20110161$r2021-01-12 00:00:00$w2021-01-12$yBOO$Vamazon.co.uk
=999  \\$d18279

