=LDR  01466aam a2200205   4500
=001  18281
=005  20250906121749.0
=008  120111s2002\\\\\\\\\\\\\\\\\\\\\\0\eng
=020  \\$a0192802836
=041  \\$aeng
=100  \\$aOkasha, Samir$4aut$919636
=245  \\$aPhilosophy of Science:$bA Very Short Introduction
=260  \\$aOxford$bOxford University Press$c2002
=300  \\$a144 pages
=520  \\$aWhat is science? Is there a real difference between science and myth? Is science objective? Can science explain everything? This Very Short Introduction provides a concise overview of the main themes of contemporary philosophy of science.

Beginning with a short history of science to set the scene, Samir Okasha goes on to investigate the nature of scientific reasoning, scientific explanation, revolutions in science, and theories such as realism and anti-realism. He also looks at philosophical issues in particular sciences, including the problem of classification in biology, and the nature of space and time in physics. The final chapter touches on the conflicts between science and religion, and explores whether science is ultimately a good thing.
=650  \0$aPhilosophy$1http://www.wikidata.org/entity/Q5891$92357
=650  \0$aScience$1http://www.wikidata.org/entity/Q7991$921650
=942  \\$cBOO
=952  \\$00$10$2ddc$40$6PHI_OKAS_A$70$8PHI$918335$aORPH$bORPH$cKM12_3_2$d2022-08-29$l0$oPHI OKAS a$p20131940$r2021-01-12 00:00:00$w2021-01-12$yBOO
=999  \\$d18281

