=LDR  01573aam a2200229   4500
=001  18282
=005  20250925143305.0
=008  150209s2012\\\\\\\\\\\\\\\\\\\\\\0ceng\d
=020  \\$a9781441142009
=041  \\$aeng
=100  \\$4edt$aBrown, James Robert$919637
=245  \\$aPhilosophy of Science:$bThe Key Thinkers
=260  \\$aLondon$bContinuum$c2012
=300  \\$a263 pages
=520  \\$aAll the great philosophers from Plato and Aristotle to the present day have been philosophers of science. However, this book concentrates on modern philosophy of science, starting in the nineteenth century and offering coverage of all the leading thinkers in the field including Whewell, Mill, Reichenbach, Carnap, Popper, Feyerabend, Putnam, van Fraassen, Bloor, Latour, Hacking, Cartwright and many more. Crucially the book demonstrates how the ideas and arguments of these key thinkers have contributed to our understanding of such central issues as experience and necessity, conventionalism, logical empiricism, induction and falsification, the sociology of science, and realism.
=648  \0$a19th Century (1801-1900)$1http://www.wikidata.org/entity/Q6955$920935
=648  \0$a20th Century (1901-2000)$1http://www.wikidata.org/entity/Q6927$920936
=650  \0$aPhilosophy$1http://www.wikidata.org/entity/Q5891$92357
=650  \0$aScience$1http://www.wikidata.org/entity/Q7991$921650
=942  \\$cBOO
=952  \\$00$10$2ddc$40$6PHI_0_000000000000000_ROBE$70$8PHI$918336$aORPH$bORPH$cKM12_3_2$d2021-08-18$g17.00$oPHI0 ROBE$p20134006$r2021-01-12 00:00:00$w2021-01-12$yBOO
=999  \\$d18282

