=LDR  03047aam a2200253   4500
=001  18291
=005  20250925143305.0
=008  150910s2015\\\\\\\\\\\\\\\\\\\\\\0\eng
=020  \\$a9780691165349
=041  \\$aeng
=100  \\$aCanales, Jimena$4aut$919643
=245  \\$aThe Physicist and the Philosopher:$bEinstein, Bergson and the Debate that Changed our Understanding of Time
=260  \\$aPrinceton$bPrinceton University Press$c2015
=300  \\$a479 pages
=520  \\$aOn April 6, 1922, in Paris, Albert Einstein and Henri Bergson publicly debated the nature of time. Einstein considered Bergsons theory of time to be a soft, psychological notion, irreconcilable with the quantitative realities of physics. Bergson, who gained fame as a philosopher by arguing that time should not be understood exclusively through the lens of science, criticized Einsteins theory of time for being a metaphysics grafted on to science, one that ignored the intuitive aspects of time. The Physicist and the Philosopher tells the remarkable story of how this explosive debate transformed our understanding of time and drove a rift between science and the humanities that persists today.

Jimena Canales introduces readers to the revolutionary ideas of Einstein and Bergson, describes how they dramatically collided in Paris, and traces how this clash of worldviews reverberated across the twentieth century. She shows how it provoked responses from figures such as Bertrand Russell and Martin Heidegger, and carried repercussions for American pragmatism, logical positivism, phenomenology, and quantum mechanics. Canales explains how the new technologies of the period such as wristwatches, radio, and film helped to shape peoples conceptions of time and further polarized the public debate. She also discusses how Bergson and Einstein, toward the end of their lives, each reflected on his rival's legacy—Bergson during the Nazi occupation of Paris and Einstein in the context of the first hydrogen bomb explosion.

The Physicist and the Philosopher reveals how scientific truth was placed on trial in a divided century marked by a new sense of time.

Jimena Canales holds the Thomas M. Siebel Chair in the History of Science at the University of Illinois, Urbana-Champaign, and was previously associate professor of the history of science at Harvard University. She is the author of A Tenth of a Second: A History.
=600  \0$aEinstein, Albert$d1879-1955$1http://www.wikidata.org/entity/Q937$921474
=600  \0$aBergson, Henri$d1859-1941$1http://www.wikidata.org/entity/Q42156$917172
=648  \0$a20th Century (1901-2000)$1http://www.wikidata.org/entity/Q6927$920936
=650  \0$aTobacco$1http://www.wikidata.org/entity/Q1566$921475
=650  \0$aPhilosophy$1http://www.wikidata.org/entity/Q5891$92357
=650  \0$aHistory$1http://www.wikidata.org/entity/Q309$921403
=942  \\$cBOO
=952  \\$00$10$2ddc$40$6SCI_CANA$70$8PHI$918345$aORPH$bORPH$cKM12_1$d2015-07-10$g33.00$l0$oSCI CANA$p20136340$r2021-01-12 00:00:00$w2021-01-12$yBOO
=999  \\$c18291$d18291

