=LDR  01159aam a2200241   4500
=001  18295
=005  20250925143305.0
=008  120103s1992\\\\\\\\\\\\\\\\\\\\\\0\eng
=020  \\$a9780253207326
=041  \\$aeng
=100  \\$aBanowetz, Joseph$4aut$919647
=245  \\$aThe Pianist's Guide to Pedaling
=260  \\$aBloomington$bIndiana University Press$c1992
=300  \\$a294 pages
=520  \\$aJoseph Banowetz and four distinguished contributors provide practical suggestions and musicological insights on the pedaling of keyboard works from the 18th to the 20th century.


=648  \0$a18th Century (1701-1800)$1http://www.wikidata.org/entity/Q7015$920899
=648  \0$a19th Century (1801-1900)$1http://www.wikidata.org/entity/Q6955$920935
=648  \0$a20th Century (1901-2000)$1http://www.wikidata.org/entity/Q6927$920936
=650  \0$aPiano$1http://www.wikidata.org/entity/Q5994$92127
=650  \0$aPedal$1http://www.wikidata.org/entity/Q4591805$922613
=942  \\$cBOO
=952  \\$00$10$2ddc$40$6INS_3_000000000000000_3C_BANO$70$8INS$918349$aORPH$bORPH$cKTS0$d2022-01-05$g20.00$oINS3.3c BANO$p20125988$r2021-01-12 00:00:00$w2021-01-12$yBOO
=999  \\$d18295

