=LDR  01421aam a2200229   4500
=001  18296
=005  20251103124736.0
=008  120907s2000\\\\-usa\\\\\\\\\\\\\\0\eng\d
=020  \\$a9780810838895
=041  \\$aeng
=100  \\$4aut$aNoyle, Linda J.$919648
=245  \\$aPianists on Playing. Interviews with Twelve Concert Pianists
=250  \\$a2
=260  \\$aLanham$bScarecrow Press$c2000
=300  \\$a 175 pages
=520  \\$aTwelve internationally-known keyboard artists entertainingly discuss their daily lives of practicing and performing in informative interviews, including reflections on learning new music, reviving repertoire, performing, controlling nerves, recording sessions, playing with ensemble groups, touring, playing in competitions, and the future of the piano. The pianists interviewed include: Vladimir Ashkenazy, Jorge Bolet, John Browning, Bella Davidovich, Misha Dichter, Janina Fialkowska, Rudolf Firkusny, Leon Fleisher, Andre-Michel Schub, Abbey Simon, Ralph Votapek, and Andre Watts.
=650  \0$1http://www.wikidata.org/entity/Q36279$aBiography$91927
=650  \0$1http://www.wikidata.org/entity/Q1668139$aMusical interpretation$94533
=650  \0$1http://www.wikidata.org/entity/Q5994$aPiano$92127
=942  \\$cBOO
=952  \\$00$10$2ddc$40$6INS_3_000000000000000_3D_NOYL$70$8INS$918350$aORPH$bORPH$cKTS0$d2023-09-22$oINS3.3d NOYL$p20126019$r2021-01-12 00:00:00$w2021-01-12$yBOO
=999  \\$d18296

