=LDR  04031aam a2200217   4500
=001  18300
=005  20250821124557.0
=008  150915s2015\\\\\\\\\\\\\\\\\\\\\\0\eng
=020  \\$a9782503553269
=041  \\$aeng
=100  \\$4edt$aSala, Massimiliano$919652
=245  \\$aPiano Culture in 19th-Century Paris
=260  \\$aTurnhout$bBrepols$c2015
=300  \\$a413 pages
=520  \\$aThe volume aims to investigate the world of the piano in France, and the evolution of the instrument between the ancien régime and the Restoration. Particular attention will be devoted to the circulation of central European pianists at the turn of the nineteenth century, their influence on the development of piano culture and technique and the impact this had on French musical tastes. Nineteen contributions will explore the piano industry, aspects of performance practice and the bravura tradition, and will investigate certain lines of interaction between publishers, composers, institutions and concert venues between the French Revolution and the first Industrial Revolution. The ultimate aim will be to determine more comprehensively the role of piano culture within nineteenth-century Parisian musical life.

Table of Contents
Preface

Overview

Leon Plantinga, Paris after Napoleon: Hub for Europes Pianists

Publishing and the Piano Industry

David Rowland, Pianists and the European Music Trade c1790-1820  Henri Vanhulst, Le concerto pour piano dans les catalogues des éditeurs parisiens et lyonnais jusquaux environs de 1820  Cécile Reynaud, Les éditeurs français de Carl Czerny. Essai de chronologie des éditions des oeuvres de Czerny en France (1825-1830)  Herbert Seifert, Musical and Biographical Information in Some Letters from and to the Composer and Publisher Ignaz Pleyel  Pierre Goy, Le développement du jeu «moderne» du piano entre 1820 et 1830: Les changements dans la facture instrumentale et le développement de nouveaux moyens pianistique

Central European Composers and the Development of Piano Virtuosity

Alban Ramaut, Antoine Reicha et le concept de virtuosité: approche étymologique dun mot à la frontière de deux siècles  Alicia C. Levin, «A Musician of the First Order»: Frédéric Kalkbrenners Virtuoso Strategies for Paris  Rohan H. Stewart-MacDonald, The Second Solo in the Opening Movements of Early-Romantic Parisian Piano Concertos: Frédéric Kalkbrenner (1785-1849) and His Contemporaries  Christian Ahrens, A Real Symphonie Concertante in Pleyels Manner: Johann Nepomuk Hummels (Double) Concerto for Piano and Violin Op. 17

Jan Ladislav Dussek

Michaela Freemanová, Jan Ladislav Dussek and His First Biographers  Frédéric de La Grandville, Dusseks Reception as a Musician at the Paris Music Conservatoire, 1807-1812  Richard Fuller, A Musical 'Wertheriade' (?) The Particular and Unique Character of Dusseks Piano Concerto in G minor, Op. 49/50

Performing Style and Didatics

Stephanie Frakes, 'Cantabile' in French Methods for Piano 1797-1840  J. Mackenzie Pierce, 'Ersatz Improvisation': Chopins Opus 28 and the Published Prelude Collection  Fiorella Sassanelli, Scelte musicali e repertori degli allievi pianisti del Conservatoire di Parigi: gli exercices des élèves (1800-1824) e il 'morceau de lecture à vue' del 1829

Reception of Piano Music and Virtuosos

Shaena B. Weitz, 'Le Pianiste' and Its History of Pianism in Paris: «The Corneilles and Racines of piano are not 'perruques'!»  Majella Boland, Contrasts in John Field Reception: The Parisian Images  Yael Bitrán, Henri Herz and His Mexican Biography: A Response from a Virtuoso

Biographies  Index of Names
=648  \0$a19th Century (1801-1900)$1http://www.wikidata.org/entity/Q6955$920935
=650  \0$aPiano$1http://www.wikidata.org/entity/Q5994$92127
=651  \0$aParis (France)$1http://www.wikidata.org/entity/Q90$9160
=942  \\$cBOO
=952  \\$00$10$2ddc$40$6TOP_FR_6_000000000000000$70$8TOP$918354$aORPH$bORPH$cKTS0$d2021-09-26$g123.00$oTOP FR 6$p20115679$r2021-01-12 00:00:00$w2021-01-12$yBOO
=999  \\$d18300

