=LDR  03950aam a2200277   4500
=001  18307
=005  20250821124557.0
=008  170213s2016\\\\\\\ao\\\\\\\\\\\\\0\eng\d
=020  \\$a9783873971882
=041  \\$aeng
=100  \\$aLatcham, Michael$4edt$919658
=245  \\$aPianos for Haydn, Mozart and Beethoven:$bChange and Contrast
=260  \\$aMunich$aSalzburg$bKatzbichler$c2016
=300  \\$a533 pages
=520  \\$aThe research for this book began in the 1980s with a study of the pianos of Ferdinand Hofmann, one of the first makers in Vienna, and ended in 2016 with a study of two pianos, one of 1780 by Johann Andreas Stein, the other of about 1802 by Anton Walter; neither of these instruments has been the subject of a publication until now. Over time, the research quickly grew to include a study of all the surviving instruments by Stein, singled out for praise in a letter of Mozart’s written in 1777 to his father, and of the pianos of Walter, the maker of Mozart’s own piano and the most famous maker in Vienna in his day. Other makers with essays in the book devoted to their work include Johann David Schiedmayer, perhaps Stein’s best journeyman, Nannette Streicher, Stein’s famous daughter and Johann Ludwig Hellen who worked between about 1760 and 1780 in Bern. Although the essays are based on older publications, they have been revised and brought up to date, ammending errors and adding new discoveries and conclusions. In this respect, the editions of the notebooks of both Stein and Schiedmayer, recently published by Michael Latcham, have provided new insight.

The essays include complete lists of the instruments of Stein, Streicher, Schiedmayer, Hofmann, Walter and Johann Ludwig Hellen. The essays not only analyse the work of these key makers but also of many others. These include early German makers such as Gottfried Silbermann and Franz Jacob Spath as well as touching on the work of the English and French firms. The developments made by all these makers give a good idea of the variety of instruments available to composers, players and amateurs in the period 1770 to 1825. The book shows that the designs of the pianos built by famous makers not only changed radically over time during their individual careers but also went through conservative periods. While Nannette Streicher remained conservative before 1805, Walter made pioneering advances up until about 1802; by about 1807 their roles were reversed. The resulting picture is one of extraordinary diversity in terms of the sizes and sounds of their pianos and the aims for which they were made. This variety, demonstrated and elucidadted by this book, offers a refined and yet wide choice to those seeking out appropriate pianos for well-informed performances on historical instruments. At the same time, considerable additional information about the makers involved and about those who owned their instruments is provided. Many characteristics, measurements and details of the instruments are summarised in tables; the book, with more than five hundred pages, is richly illustrated.
=600  \0$aHaydn, Joseph$d1732-1809$1http://www.wikidata.org/entity/Q7349$94783
=600  \0$aMozart, Wolfgang Amadeus$d1756-1791$1http://www.wikidata.org/entity/Q254$95341
=600  \0$aBeethoven, Ludwig van$d1770-1827$1http://www.wikidata.org/entity/Q255$95335
=648  \0$a18th Century (1701-1800)$1http://www.wikidata.org/entity/Q7015$920899
=648  \0$a19th Century (1801-1900)$1http://www.wikidata.org/entity/Q6955$920935
=650  \0$aPiano$1http://www.wikidata.org/entity/Q5994$92127
=650  \0$aOrganology$1http://www.wikidata.org/entity/Q899293$921400
=651  \0$aVienna (Austria)$1http://www.wikidata.org/entity/Q1741$920937
=942  \\$cBOO
=952  \\$00$10$2ddc$40$6INS_3_000000000000000_3B$70$8INS$918361$aORPH$bORPH$cKTS0$d2022-09-08$l1$m4$oINS3.3b$p20131963$q2022-03-16$r2021-03-10 00:00:00$s2021-03-10$w2021-01-12$yBOO
=999  \\$d18307

