=LDR  01240aam a2200241   4500
=001  18308
=005  20250925143305.0
=008  111129s1972\\\\-usaf\\\\\\\\\\\\\0\eng\d
=020  \\$a9780486228679
=041  \\$aeng
=100  \\$4aut$aGieseking, Walter$d1895-1956$919659
=100  \\$4aut$aLeimer, Karl$919660
=245  \\$aPiano Technique.$bConsisting of Two Complete Books "The Shortest Way to Pianistic Perfection" and "Rhythmic, Dynamics, Pedal and other Problems of Piano Playing"
=260  \\$aNew York, NY$bDover$c1972
=300  \\$a 140 pages
=520  \\$aTwo books bound together, by one of greatest pianists of all time and his famed teacher: The Shortest Way to Pianistic Perfection, and Rhythmics, Dynamics, Pedal and Other Problems of Piano Playing.
=648  \0$a20th Century (1901-2000)$1http://www.wikidata.org/entity/Q6927$920936
=650  \0$1http://www.wikidata.org/entity/Q2250960$aMethod$921402
=650  \0$1http://www.wikidata.org/entity/Q5994$aPiano$92127
=651  \0$aGermany$1http://www.wikidata.org/entity/Q183$9155
=942  \\$cBOO
=952  \\$00$10$2ddc$40$6INS_3_000000000000000_3C_GIES$70$8INS$918362$aORPH$bORPH$cKTS0$d2022-01-05$g4.00$oINS3.3c GIES$p20126022$r2021-01-12 00:00:00$w2021-01-12$yBOO
=999  \\$d18308

