=LDR  01398aam a2200265   4500
=001  18309
=005  20250925143305.0
=008  140613s1966\\\\\\\\\\\\\\\\\\\\\\0\eng
=020  \\$a9780486215679
=041  \\$aeng
=100  \\$aSchmitz, Robert$4aut$919661
=245  \\$aThe Piano Works of Claude Debussy
=260  \\$aNew York$bCourier Dover$c1966
=300  \\$a234 pages
=520  \\$aPart biography, part criticism, and part analysis, this fascinating study of one of music's greatest geniuses is above all an authoritative commentary on the entire corpus of Debussy's work for solo piano. Written with special insights for the performer. Includes 21 illustrations.
=600  \0$aDebussy, Claude$d1862-1918$1http://www.wikidata.org/entity/Q4700$918776
=648  \0$a19th Century (1801-1900)$1http://www.wikidata.org/entity/Q6955$920935
=648  \0$a20th Century (1901-2000)$1http://www.wikidata.org/entity/Q6927$920936
=650  \0$aKeyboard music$1http://www.wikidata.org/entity/Q105715630$921412
=650  \0$aPiano$1http://www.wikidata.org/entity/Q5994$92127
=650  \0$aMusical analysis$1http://www.wikidata.org/entity/Q1544924$92775
=651  \0$aFrance$1http://www.wikidata.org/entity/Q142$9131
=942  \\$cBOO
=952  \\$00$10$2ddc$40$6BIO_DEBU_E$70$8BIO$918363$aORPH$bORPH$cKTS1_P$d2022-09-20$g6.78$oBIO DEBU e$p20130533$r2021-01-12 00:00:00$w2021-01-12$yBOO$Vamazon.com
=999  \\$d18309

