=LDR  00543aam a2200157   4500
=001  18310
=005  20250714154525.0
=008  130326s2012\\\\\\\\\\\\\\\\\\\\\\0\s
=020  \\$a9789898556028
=100  \\$aNattiez, Jean-Jacques$d1945-$4aut$1http://www.wikidata.org/entity/Q1161507$916330
=245  \\$aPierre Boulez
=260  \\$aPortugal$bCasa da musica$c2012
=300  \\$a452 pages
=942  \\$cBOO
=952  \\$00$10$2ddc$40$6BIO_BOUL_D$70$8BIO$918364$aORPH$bORPH$cKTS1_P$d2022-05-09$oBIO BOUL d$p20113501$r2021-01-12 00:00:00$w2021-01-12$yBOO
=999  \\$d18310

