=LDR  00602acm a2200169   4500
=001  18318
=005  20250120120058.0
=008  140425s1996\\\\\\\\\\\\\\\\\\\\\\0\ita\d
=020  \\$a9790041339436
=041  \\$aita
=100  \\$4cmp$aNono, Luigi$d1924-1990$1http://www.wikidata.org/entity/Q160451$917010
=245  \\$aA Pierre. della'azzurro silenzio, inquietum
=260  \\$aMilan$bRicordi$c1996
=300  \\$a13 pages
=942  \\$cSCO
=952  \\$00$10$2ddc$40$6SCO_NONO$70$8SCO$918372$aORPH$bORPH$cKTS1_P$d2024-03-01$l1$oSCO NONO$p20134640$q2024-12-20$r2024-06-25 00:00:00$s2024-06-25$w2021-01-12$ySCO
=999  \\$d18318

