=LDR  01088aam a2200229   4500
=001  18323
=008  140925s1993\\\\be\d\\\\\\\\\\\\\\0\dut\d
=041  \\$adut
=100  \\$aEeckeloo, Johan$4aut$917446
=245  \\$aPieter Hubertus Anneessens (1810-1888), Belgisch orgelbouwer
=246  \1$aVerhandelingen van de Koninklijke Academie voor Wetenschappen, Letteren en Schone Kunsten van België
=260  \\$aBrussels$bPaleis der Academiën$c1993
=300  \\$a196 pages
=490  \\$aAWLsK. Klasse der Schone Küsten$vJaargang 55, 1993, nr. 56
=600  10$925857$aAnneessens, Pieter Hubertus$d1810-1888
=648  \0$a19th Century (1801-1900)$1http://www.wikidata.org/entity/Q6955$920935
=650  \0$aOrganology$1http://www.wikidata.org/entity/Q899293$921400
=650  \0$aOrgan$1http://www.wikidata.org/entity/Q1444$92810
=651  \0$aBrussels (Belgium)$1http://www.wikidata.org/entity/Q239$937
=942  \\$cBOO
=952  \\$00$10$2ddc$40$6INS_3_000000000000000_1B_ANNE$70$8INS$918377$aORPH$bORPH$cKTS0$d2023-03-15$l0$oINS3.1b ANNE$p20130768$r2021-01-12 00:00:00$w2021-01-12$yBOO
=999  \\$d18323

