=LDR  01666aam a2200205   4500
=001  18330
=005  20250120120016.0
=008  140226s2009\\\\\\\\\\\\\\\\\\\\\\0\eng
=020  \\$a9780819569035
=041  \\$aeng
=100  \\$aAdams, John Luther$d1953-$4aut$919669
=245  \\$aThe Place Where You Go to Listen:$bIn Search of an Ecology of Music
=260  \\$aMiddletown, WI$bWesleyan University Press$c2009
=300  \\$a160 pages
=520  \\$aDid Alaska create the music of John Luther Adams, or did the music create his Alaska? For the past thirty years, the vastness of Alaska has swept through the distant reaches of the composers imagination and every corner of his compositions. In this new book Adams proposes an ideal of musical ecology, the philosophical foundation on which his largest, most complex musical work is based. This installation, also called The Place Where You Go to Listen, is a sound and light environment that gives voice to the cycles of sunlight and darkness, the phases of the moon, the seismic rhythms of the earth, and the dance of the aurora borealis. Adams describes this work as a place for hearing the unheard music of the world around us. The book includes two seminal essays, the composers journal telling the story of the day-to-day emergence of The Place, as well as musical notations, graphs and illustrations of geophysical phenomena.
=653  \\$aart philosophy & esthetics
=942  \\$cBOO
=952  \\$00$10$2ddc$40$6TRE_ADAM$70$8TRE$918384$aORPH$bORPH$cKTS1_H$d2014-01-06$g0.00$l0$oTRE ADAM$p20135778$r2021-01-12 00:00:00$w2021-01-12$yBOO
=999  \\$c18330$d18330
=650  \0$aPhilosophy$1http://www.wikidata.org/entity/Q5891$92357

