=LDR  02094aam a2200253   4500
=001  18332
=003  OSt
=005  20250109133536.0
=008  190710s1992\\\\\\\\\\\\\\\\\\\\\\0\eng
=020  \\$a9780521401609
=040  \\$cOI
=041  \\$aeng
=100  \\$4edt$aKelly, Thomas Forrest$919414
=245  \\$aPlainsong in the Age of Polyphony
=260  \\$aCambridge$bCambridge University Press$c1992
=300  \\$a241 pages
=490  \\$aCambridge Studies in Performance Practice$v2
=520  \\$aFrom at least the eighth century and for about a thousand years the repertory of music now known as Gregorian chant, or plainsong, formed the largest body of written music, and was the most frequently performed and the most assiduously studied music in Western civilisation. It lay at the root of all instruction in practical music, and in some sense was at the core of the enormous portion of notated music that survives today. But plainsong did not follow rigid conventions. It seems increasingly clear that, whatever may have been intended with respect to uniformity and tradition, the practice of plainsong varied considerably within time and place. It is just this variation, this living quality of plainsong, that these essays address. In addition, much new information is made available on the study of local rites and practices, and on the liturgical matrix of important polyphonic repertories. The contributors - leading scholars in their field - have sought information from a wide variety of areas: liturgy, architecture, art history, secular and ecclesiastical history, and hagiography, as a step towards reassembling the fragments of cultural history into the rich mosaic from which they came.
=648  \0$aPast$1http://www.wikidata.org/entity/Q192630$922196
=650  \0$aPlainchant$1http://www.wikidata.org/entity/Q2707688$921363
=650  \0$aMusic history$1http://www.wikidata.org/entity/Q846047$921373
=942  \\$cBOO
=952  \\$00$10$2ddc$40$6GEN_2_000000000000000$70$8GEN$918385$aORPH$bORPH$cKM12_1$d2022-01-05$oGEN2$p20126002$r2021-01-12 00:00:00$w2021-01-12$yBOO
=999  \\$d18332

