=LDR  00873aam a2200181   4500
=001  18333
=005  20230123104937.0
=008  120917s2009\\\\\\\\\\\\\\\\\\\\\\0\eng
=020  \\$a9780230220676
=041  \\$aeng
=100  \\$aGodwin, Janet$4aut$919671
=245  \\$aPlanning your essay
=260  \\$aOxford$bPalgrave Macmillan$c2009
=300  \\$a113 pages
=520  \\$aEssay writing at university is an essential skill but for many students, is an area where they lack confidence. This handy guide takes students through the complete process from what to do before they begin, to using feedback constructively for their next essay. Clearly and well-presented, it includes lively illustrations.
=942  \\$cBOO
=952  \\$00$10$2ddc$40$6REF_2_000000000000000_GODW$70$8REF$918386$aORPH$bORPH$cKM12_1$d2021-08-24$oREF2 GODW$p20131145$r2021-01-12 00:00:00$w2021-01-12$yBOO
=999  \\$d18333

