=LDR  01678aam a2200229   4500
=001  18336
=005  20250120120016.0
=008  190520s1997\\\\\\\\\\\\\\\\\\\\\\0\eng
=020  \\$a9780872203495
=041  \\$aeng$hgrc
=100  \\$4aut$aPlato$d428/427-348/347 BC $1http://www.wikidata.org/entity/Q859$913315
=245  \\$aComplete Works
=260  \\$aIndianapolis$aCambridge$bHackett$c1997
=300  \\$a1808 pages
=520  \\$aOutstanding translations by leading contemporary scholars--many commissioned especially for this volume--are presented here in the first single edition to include the entire surviving corpus of works attributed to Plato in antiquity. In his introductory essay, John Cooper explains the presentation of these works, discusses questions concerning the chronology of their composition, comments on the dialogue form in which Plato wrote, and offers guidance on approaching the reading and study of Plato's works.

Also included are concise introductions by Cooper and Hutchinson to each translation, meticulous annotation designed to serve both scholar and general reader, and a comprehensive index. This handsome volume offers fine paper and a high-quality Smyth-sewn cloth binding in a sturdy, elegant edition.
=648  \0$aClassical Antiquity (8th Century BC-6th Century AD)$1http://www.wikidata.org/entity/Q486761$921435
=650  \0$aPhilosophy$1http://www.wikidata.org/entity/Q5891$92357
=700  \\$4edt$aCooper, John M.$919672
=700  \\$4edt$aHutchinson, D. S.$919673
=942  \\$cBOO
=952  \\$00$10$2ddc$40$6PHI_PLAT_A$70$8PHI$918389$aORPH$bORPH$cKM12_3_2$d2021-08-17$oPHI PLAT a$p20133896$r2021-01-12 00:00:00$w2021-01-12$yBOO
=999  \\$d18336

