=LDR  02090aam a2200253   4500
=001  18344
=005  20250120120059.0
=008  190506s2005\\\\\\\\\\\\\\\\\\\\\\0\mul
=020  \\$a9789058675064
=041  \\$aeng$ager
=245  \\$aPlato's Timaeus and the foundations of cosmology in Late Antiquity, the Middle Ages and Renaissance
=260  \\$aLeuven$bLeuven University Press$c2005
=300  \\$a492 pages
=520  \\$aThe particular focus of this volume is a study of the influence of Timaeus on the development of Western cosmology in three axial periods of European culture: Late Antiquity, Middle Ages and Renaissance. In each period, the Timaeus was read in a different context and from different perspectives. During the Middle Ages, scholars were mostly interested in reconciling the rational cosmology of the Timaeus with the Christian understanding of creation.

In Late Antiquity, the concordance of Plato with Aristotle was considered the most important issue, whereas in early modern times, the confrontation with the new mathematical physics offered possibilities for a fresh assessment of Plato's explanation of the cosmos. The present volume has three sections corresponding to these three periods of interpreting the Timaeus, each section is introduced by a synthesis of the main issues at discussion. This 'epochal' approach gives this volume its particular character.
=600  \0$aPlato$d428/427-348/347 BC $1http://www.wikidata.org/entity/Q859$913315
=648  \0$aClassical Antiquity (8th Century BC-6th Century AD)$1http://www.wikidata.org/entity/Q486761$921435
=648  \0$aMiddle Ages (500-1400)$1http://www.wikidata.org/entity/Q12554$920964
=648  \0$aRenaissance (1400-1600)$1http://www.wikidata.org/entity/Q4692$920965
=650  \0$aPhilosophy$1http://www.wikidata.org/entity/Q5891$92357
=700  \\$aLeinkauf, Thomas$4edt$919677
=700  \\$aSteel, Carlos$4edt$917036
=942  \\$cBOO
=952  \\$00$10$2ddc$40$6PHI_PLAT_B_LEIN$70$8PHI$918397$aORPH$bORPH$cKM12_3_2$d2021-08-17$oPHI PLAT b LEIN$p20133899$r2021-01-12 00:00:00$w2021-01-12$yBOO
=999  \\$d18344

