=LDR  01836aam a2200253   4500
=001  18355
=005  20250925143305.0
=008  170606s2016\\\\\\\\\\\\\\\\\\\\\\0\mul
=041  \\$adut$aeng
=100  \\$4aut$aDierickx, Jelle$919685
=245  \\$aHet pluriversum van Lucien Goethals
=260  \\$aLeuven$bMATRIX$c2016
=300  \\$a64 pages
=520  \\$aLucien Goethals was one of the most influential composers of the Belgian music scene in the second half of the 20th century. Born in Ghent, he studied at the Dima Conservatory of Buenos Aires and at the Royal Conservatory of Ghent. He was closely related to the IPEM (Institute for Psychoacoustics and Electronic Music in Ghent) where he immersed himself in the study of electronic music and innovative musical techniques. He developed a personal language in which electronics and acoustic instruments were closely intertwined. Lucien Goethals passed away in 2006. Forming a part of the European avant-garde of the time, his music evolved from a modernist language into an organic and colorful style surpassing the apparent contradictions between tradition (of a.o. the Franco-Flemish polyphonists) and innovation.
=600  \0$1http://www.wikidata.org/entity/Q6697074$aGoethals, Lucien$d1931-2006$919275
=610  \0$926324$aIPEM (Ghent, Belgium)
=648  \0$1http://www.wikidata.org/entity/Q6927$a20th Century (1901-2000)$920936
=650  \0$1http://www.wikidata.org/entity/Q36834$aComposer$93625
=650  \0$1http://www.wikidata.org/entity/Q102932$aAvant-garde$921178
=650  \0$1http://www.wikidata.org/entity/Q507246$aSerialism$926086
=651  \0$1http://www.wikidata.org/entity/Q31$aBelgium$920881
=942  \\$cBOO
=952  \\$00$10$2ddc$40$6BIO_GOET_E$70$8BIO$918408$aORPH$bORPH$cKTS1_P$d2021-10-19$oBIO GOET e$p20129863$r2021-01-12 00:00:00$w2021-01-12$yBOO
=999  \\$d18355

