=LDR  01848aam a2200241   4500
=001  18358
=005  20250109133443.0
=008  120202s1947\\\\\\\\\\\\\\\\\\\\\\0\eng
=020  \\$a9781406745566
=041  \\$aeng$hfre
=100  \\$aStravinsky, Igor$d1882-1971$4aut$1http://www.wikidata.org/entity/Q7314$919367
=245  \\$aPoetics of Music in the Form of Six Lessons
=260  \\$aUSA$bHarvard university press$c1947
=300  \\$a142 pages
=520  \\$aOne of the greatest of contemporary composers has here set down in delightfully personal fashion his general ideas about music and some accounts of his own experience as a composer. Every concert-goer and lover of music will take keen pleasure in his notes about the essential features of music, the process of musical composition, inspiration, musical types, and musical execution. Throughout the volume are to he found trenchant comments on such subjects as Wagnerism, the operas of Verdi, musical taste, musical snobbery, the influence of political ideas on Russian music under the Soviets, musical improvisation as opposed to musical construction, the nature of melody, and the function of the critic of music. Musical people of every sort will welcome this first presentation in English of an unusually interesting book.
=700  \\$4trl$aKnodel, Arthur$921256
=700  \\$4trl$aDahl, Ingolf$d1912-1970$921257
=765  \\$aPoétique musicale
=942  \\$cBOO
=952  \\$00$10$2ddc$40$6TRE_STRA$70$8TRE$918411$aORPH$bORPH$cKTS1_H$g15.26$l0$oTRE STRA$p20135764$r2021-01-12 00:00:00$w2021-01-12$yBOO$z16th printing 2003
=952  \\$00$10$2ddc$40$6TRE_STRA$70$8TRE$920059$aORPH$bORPH$cKTS1_H$d2021-04-16$l0$oTRE STRA$p20134788$r2021-04-16 00:00:00$w2021-04-16$yBOO$zLightning Source edition
=999  \\$c18358$d18358
=650  \0$aMusic criticism$1http://www.wikidata.org/entity/Q11748889$921598

