=LDR  01137aam a2200229   4500
=001  18359
=005  20250120120125.0
=008  150316s2006\\\\\\\\\\\\\\\\\\\\\\0\dut
=020  \\$a9085062055
=041  \\$adut
=100  \\$aKessels, Jos$4aut$919688
=245  \\$aHet poëtisch argument:$bSocratische gesprekken over het goede leven
=260  \\$aAmsterdam$bBoom$c2006
=300  \\$a223 pages
=520  \\$aMet Het poëtisch argument zoekt Kessels het spanningsveld tussen denken en doen. Vertrekpunt zijn steeds uiterst herkenbare situaties die stapsgewijs worden ontrafeld. De dominantie van het kennen moet ruimte maken voor het poëtisch argument, wil een 'echt' gesprek slagen.
=648  \0$a21st Century (2001-2100)$1http://www.wikidata.org/entity/Q6939$920812
=650  \0$aPhilosophy$1http://www.wikidata.org/entity/Q5891$92357
=650  \0$aPoetry$1http://www.wikidata.org/entity/Q482$93026
=651  \0$aNetherlands$1http://www.wikidata.org/entity/Q55$9173
=942  \\$cBOO
=952  \\$00$10$2ddc$40$6PHI_KESS_A$70$8PHI$918412$aORPH$bORPH$cKM12_3_2$d2021-08-10$oPHI KESS a$p20133472$r2021-01-12 00:00:00$w2021-01-12$yBOO
=999  \\$d18359

