=LDR  01972aam a2200265   4500
=001  18365
=005  20251001162234.0
=008  130311s2004\\\\\\\\\\\\\\\\\\\\\\0\eng
=020  \\$a9780826489548
=041  \\$aeng$hfre
=100  \\$aRancière, Jacques$d1940-$4aut$1http://www.wikidata.org/entity/Q467470$915781
=245  \\$aThe Politics of Aesthetics
=260  \\$aLondon$bContinuum$c2004
=300  \\$a116 pages
=520  \\$aThe Politics of Aesthetics rethinks the relationship between art and politics, reclaiming "aesthetics" from the narrow confines it is often reduced to. Jacques Rancière reveals its intrinsic link to politics by analysing what they both have in common: the delimitation of the visible and the invisible, the audible and the inaudible, the thinkable and the unthinkable, the possible and the impossible. 

Presented as a set of inter-linked interviews, The Politics of Aesthetics provides the most comprehensive introduction to Rancière's work to date, ranging across the history of art and politics from the Greek polis to the aesthetic revolution of the modern age. 

Already translated into five languages, this English edition of The Politics of Aesthetics includes a new afterword by Slavoj Zizek, an interview for the English edition, a glossary of technical terms and an extensive bibliography.
=534  \\$cParis: La Fabrique, 2000
=648  \0$a21st Century (2001-2100)$1http://www.wikidata.org/entity/Q6939$920812
=650  \0$aAesthetics$1http://www.wikidata.org/entity/Q35986$921494
=650  \0$aPhilosophy$1http://www.wikidata.org/entity/Q5891$92357
=650  \0$aPolitics$1http://www.wikidata.org/entity/Q7163$921826
=651  \0$aFrance$1http://www.wikidata.org/entity/Q142$9131
=765  \\$aLe Partage du sensible : Esthétique et politique
=942  \\$cBOO
=952  \\$00$10$2ddc$40$6PHI_RANC_A$70$8PHI$918418$aORPH$bORPH$cKM12_3_2$d2021-08-04$g22.18$oPHI RANC a$p20133043$r2021-01-12 00:00:00$w2021-01-12$yBOO
=999  \\$d18365

