=LDR  01109aam a2200181   4500
=001  18367
=005  20250120120014.0
=008  130318s1988\\\\\\\\\\\\\\\\\\\\\\0\e
=020  \\$a9780415901499
=041  \\$ae
=100  \\$aFoucault, Michel$d1926-1984$4aut$1http://www.wikidata.org/entity/Q44272$915787
=245  \\$aPolitics philosophy, culture: Interviews and other writings 1977 - 1984
=260  \\$aNew York$bRoutledge$c1988
=300  \\$a330
=520  \\$aPolitics, Philosophy, Culture contains a rich selection of interviews and other writings by the late Michel Foucault. Drawing upon his revolutionary concept of power as well as his critique of the institutions that organize social life, Foucault discusses literature, music, and the power of art while also examining concrete issues such as the Left in contemporary France, the social security system, the penal system, homosexuality, madness, and the Iranian Revolution.
=942  \\$cBOO
=952  \\$00$10$2ddc$40$6PHI_FOUC_A$70$8PHI$918420$aORPH$bORPH$cKM12_3_2$d2021-08-09$g37.05$oPHI FOUC a$p20130521$r2021-01-12 00:00:00$w2021-01-12$yBOO
=999  \\$c18367$d18367

