=LDR  01911aam a2200181   4500
=001  18368
=005  20230123102409.0
=008  120222s2002\\\\\\\\\\\\\\\\\\\\\\0\n
=020  \\$a9789075368147
=041  \\$adut
=100  \\$aBoehm, Rudolf$4aut$917445
=245  \\$aPolitiek
=260  \\$aGent$bIMAVO-KRITIEK$c2002
=300  \\$a212
=520  \\$aIn dit boek zijn filosofische besprekingen opgenomen van tragedies van Sophocles (Oedipus en Antigone), Shakespeare (Hamlet en Macbeth), Vondel (Lucifer), Racine (Phèdre), Schiller (Wallenstein), Hölderlin (Tod des Empedocles), Kleist (Prinz von Homburg) en Goethe (Faust).

Het werk wordt besloten met een slotbeschouwing over wat het tragische is. Daarin beweert Rudolf Boehm o.a.:

Tragisch pleegt men het te noemen wanneer iemand zonder eigen schuld aan een onverbiddelijk noodlot ten prooi valt. Dat mag zo zijn. Wanneer men echter naar de grote, ons als dicht­werken overgeleverde tragedies luistert, ervaart men slechts weinig van een fatale noodzaak. De helden en heldinnen van de tragedies gaan niet aan hun schuld, of ondanks hun onschuld, te gronde, maar altijd aan een eigen waan. Zo meende Oedipus ? en menen vandaag nog velen ? dat alles zich ten goede moet keren, wanneer en kel de gehele waarheid aan het licht komt. Zo meen de Faust ? en menen vandaag nog velen ? dat de mens het allergrootste kan volbrengen, wan neer hem enkel bovenmenselijke, boven natuurlijke krachten ten dienste staan.

Het thema van een tragedie is evenwel niet het wezen van het tragische, maar steeds ?enkel? iets dat tragisch is. Met filosofie houdt de tragedie zich niet bezig. Zij is enkel een met verdeelde rollen voor- en na ge speeld verhaal. Met tragedies is de filosofie echter wel bezig.


=942  \\$cBOO
=952  \\$00$10$2ddc$40$6PHI_BOEH_A$70$8PHI$918421$aORPH$bORPH$cKM12_3_2$d2021-08-11$oPHI BOEH a$p20133605$r2021-01-12 00:00:00$w2021-01-12$yBOO
=999  \\$c18368$d18368

