=LDR  01265aam a2200229   4500
=001  18373
=005  20250821124557.0
=008  180307s2016\\\\\\\\\\\\\\\\\\\\\\0\eng
=041  \\$aeng
=100  \\$aWright, Andrew$4aut$919697
=245  \\$aThe Polyphonic Touch:$bCoarticulation and Polyphonic Expression in the Performance of Piano and Organ Music
=260  \\$aLeiden$bLeiden University$c2016
=300  \\$a344-xxii pages
=520  \\$aProefschrift ter verkrijging van de graag van Doctor aan de Universiteit Leiden, op gezag van Rector Magnificus prof. mr. C.J.J.M. Stolker, volgens het besluit van het College voor Promoties te verdedigen op woensdag 22 juni 2016 klokke 15:00 uur.
=650  \0$aPiano$1http://www.wikidata.org/entity/Q5994$92127
=650  \0$aOrgan$1http://www.wikidata.org/entity/Q1444$92810
=650  \0$aPerformance$926223
=650  \0$aArticulation$1http://www.wikidata.org/entity/Q372923$922209
=942  \\$cDIS
=952  \\$00$10$2ddc$40$6MTP_5_000000000000000_WRIG$70$8MTP$918426$aORPH$bORPH$cKM12_1$d2021-08-31$oMTP5 WRIG$p20131414$r2021-01-12 00:00:00$w2021-01-12$yDIS
=952  \\$00$10$2ddc$40$6MTP_5_000000000000000_WRIG$70$8MTP$918427$aORPH$bORPH$cKM12_1$d2021-08-31$oMTP5 WRIG$p20131415$r2021-01-12 00:00:00$w2021-01-12$yDIS
=999  \\$d18373

