=LDR  00679aam a2200157   4500
=001  18374
=005  20230123104941.0
=008  131113s\\\\\\\\\\\\\\\\\\\\\\\\\\0\\\\
=041  \\$adut
=100  \\$aMulder, Ernest Willem$d1898-1959$4aut$919698
=245  \\$aPolyphonie.$bDe contrapuntische technieken gebaseerd op de klassieke polyphonie; de ontwikkeleing der polyphonie sedert het klassieke tijdperk; de polyphone kusntvormen.
=260  \\$aUtrecht$bW. De Haan N.V.$c1955
=300  \\$a282 pages
=942  \\$cBOO
=952  \\$00$10$2ddc$40$6MTP_1_000000000000000_MULD$70$8MTP$918428$aORPH$bORPH$cKM12_1$d2021-01-12$l0$oMTP1 MULD$p20135643$r2021-01-12 00:00:00$w2021-01-12$yBOO
=999  \\$c18374$d18374

