=LDR  00552aam a2200169   4500
=001  18379
=005  20251009081721.0
=008  120217s1996\\\\\\\\\\\\\\\\\\\\\\0\f
=020  \\$a9782717719857
=041  \\$afre
=100  \\$4edt$aMassip, Catherine$919701
=245  \\$aPortrait(s) d'Olivier Messiaen
=260  \\$aParis$bBibliothèque Nationale de France$c1996
=300  \\$a175
=942  \\$cBOO
=952  \\$00$10$2ddc$40$6BIO_MESS_D$70$8BIO$918434$aORPH$bORPH$cKTS1_P$d2021-10-19$g25.00$oBIO MESS d$p20129781$r2021-01-12 00:00:00$w2021-01-12$yBOO
=999  \\$c18379$d18379

