=LDR  00574aam a2200169   4500
=001  18382
=005  20250109133053.0
=008  170203s1949\\\\\\\\\\\\\\\\\\\\\\0\n
=041  \\$adut
=100  \\$aPos, H. J.$4aut$920566
=245  \\$aPositivisme, idealisme, intuitionisme
=260  \\$aUtrecht$bUitgeversmaatschappij W. De Haan N.V.$c1949
=300  \\$a193-314
=490  \\$aOverdruk uit Philosophia deel II
=942  \\$cBOO
=952  \\$00$10$2ddc$40$6PHI_POS_A$70$8PHI$918437$aORPH$bORPH$cKM12_3_2$d2021-08-04$oPHI POS a$p20133030$r2021-01-12 00:00:00$w2021-01-12$yBOO
=999  \\$c18382$d18382

