=LDR  01757aam a2200193   4500
=001  18389
=005  20250109133042.0
=008  130305s2006\\\\\\\\\\\\\\\\\\\\\\0\e
=020  \\$a9780415268134
=041  \\$aeng
=100  \\$4Auteur$aLehmann, Hans-Thies$919712
=100  \\$4Translator$aJürs-Munby, Karen$919713
=245  \\$aPostdramatic theater
=260  \\$aLondon$bRoutledge$c2006
=300  \\$a214
=520  \\$aNewly adapted for the Anglophone reader, this is an excellent translation of Hans-Thies Lehmanns groundbreaking study of the new theatre forms that have developed since the late 1960s, which has become a key reference point in international discussions of contemporary theatre.

In looking at the developments since the late 1960s, Lehmann considers them in relation to dramatic theory and theatre history, as an inventive response to the emergence of new technologies, and as an historical shift from a text-based culture to a new media age of image and sound.

Engaging with theoreticians of 'drama' from Aristotle and Brecht, to Barthes and Schechner, the book analyzes the work of recent experimental theatre practitioners such as Robert Wilson, Tadeusz Kantor, Heiner Müller, the Wooster Group, Needcompany and Societas Raffaello Sanzio.

Illustrated by a wealth of practical examples, and with an introduction by Karen Jürs-Munby providing useful theoretical and artistic contexts for the book, Postdramatic Theatre is an historical survey expertly combined with a unique theoretical approach which guides the reader through this new theatre landscape.
=942  \\$cBOO
=952  \\$00$10$2ddc$40$6LIT_LEHM_A$70$8LIT$918444$aORPH$bORPH$cKM12_2_H$d2021-08-25$g23.75$oLIT LEHM a$p20134040$r2021-01-12 00:00:00$w2021-01-12$yBOO
=999  \\$c18389$d18389

