=LDR  00994aam a2200205   4500
=001  18390
=005  20250109133042.0
=008  120904s2008\\\\\\\\\\\\\\\\\\\\\\0\eng
=020  \\$a9780230521308
=041  \\$aeng
=100  \\$aWisker, Gina$4aut$919714
=245  \\$aThe postgraduate research handbook: Succeed with your MA, MPhil, EdD and PhD
=250  \\$a2
=260  \\$aNew York$bPalgrave Macmillan$c2008
=300  \\$a428 pages
=490  \\$aPalgrave study guides
=520  \\$aThe second edition of this best-selling book is aslively and accessible as the first edition. Advice, support and both active and reflective tasks take the students through the stages of research as well as encouraging them to consider social and cultural issues, such as working with their supervisor and other researchers.
=942  \\$cBOO
=952  \\$00$10$2ddc$40$6REF_2_000000000000000_WISK$70$8REF$918445$aORPH$bORPH$cKM12_1$d2021-08-24$g19.00$oREF2 WISK$p20131165$r2021-01-12 00:00:00$w2021-01-12$yBOO
=999  \\$d18390

