=LDR  01964aam a2200181   4500
=001  18395
=005  20230123104944.0
=008  131115s2009\\\\\\\\\\\\\\\\\\\\\\0\d
=020  \\$a9783837612196
=041  \\$ager
=100  \\$aEiermann, André$4aut$919718
=245  \\$aPostspektakuläres Theater: Die Alterität der Aufführung und die Entgrenzung der Künste
=260  \\$aBielefeld$bTranscript$c2009
=300  \\$a422
=520  \\$aPostspektakuläres Theater - damit ist nicht etwa ein Theater in einer Gesellschaft nach dem Spektakel gemeint. Vielmehr schlägt diese Studie die Bezeichnung für solche Formen der zeitgenössischen szenischen Kunst vor, die das kritische Potential der Aufführung vor dem Hintergrund veränderter Bedingungen des Spektakels nicht mehr in der Betonung von Unmittelbarkeit suchen, sondern es stattdessen anhand eines Ausspielens von Mittelbarkeit entfalten. Während Überlegungen zur Alterität der Aufführung in der Regel die Ko-Präsenz von Akteuren und Zuschauern voraussetzen und deren Beziehungen als unmittelbare denken, entwirft diese Studie einen anderen Begriff der Aufführung und zeigt, dass deren Alterität stets eine vermittelnde dritte Instanz involviert.
Aus eingehenden Analysen zahlreicher Arbeiten so unterschiedlicher Künstler/-innen wie Rabih Mroué, Mette Ingvartsen, Heiner Goebbels, Erwin Wurm u.a. werden weitreichende theoretische Konsequenzen gezogen, die über die Theaterwissenschaft hinaus auch allgemein kunstwissenschaftliche Fragestellungen und solche der philosophischen Ästhetik betreffen. So wird beispielsweise das Verhältnis von Aufführungs-, Inszenierungs- und Werkbegriff neu bestimmt sowie entscheidend zur Diskussion um die Entgrenzung der Künste und zur Beschreibung ästhetischer Erfahrung beigetragen.
=942  \\$cBOO
=952  \\$00$10$2ddc$40$6LIT_EIER_A$70$8LIT$918450$aORPH$bORPH$cKM12_2_H$d2021-08-25$g35.00$oLIT EIER a$p20134043$r2021-01-12 00:00:00$w2021-01-12$yBOO
=999  \\$c18395$d18395

