=LDR  01230aam a2200193   4500
=001  18396
=005  20250109133042.0
=008  120111s2002\\\\\\\\\\\\\\\\\\\\\\0\e
=020  \\$a9780192801807
=041  \\$aeng
=100  \\$aBelsey, Catherine$4aut$919719
=245  \\$aPoststructuralism: A very short introduction
=260  \\$aOxford$bOxford university press$c2002
=300  \\$a117
=520  \\$aPoststructuralism changes the way we understand the relations between human beings, their culture, and the world. Following a brief account of the historical relationship between structuralism and poststructuralism, this Very Short Introduction traces the key arguments that have led poststructuralists to challenge traditional theories of language and culture. While the author discusses such well-known figures as Barthes, Foucault, Derrida, and Lacan, she also draws pertinent examples from literature, art, film, and popular culture, unfolding the poststructuralist account of what it means to be a human being.

=490  \\$aVery short introductions$v73
=942  \\$cBOO
=952  \\$00$10$2ddc$40$6PHI_BELS_A$70$8PHI$918451$aORPH$bORPH$cKM12_3_2$d2021-08-11$oPHI BELS a$p20133574$r2021-01-12 00:00:00$w2021-01-12$yBOO
=999  \\$c18396$d18396

