=LDR  00609aam a2200181   4500
=001  18399
=005  20250120120008.0
=008  151009s2015\\\\\\\\\\\\\\\\\\\\\\0\i
=020  \\$a9788870968217
=041  \\$ai
=100  \\$4Editor$aDalmonte, Rossana$919722
=100  \\$4Editor$aBaroni, Mario$915710
=245  \\$aPour Bruno: Memorie e richerche su Bruno Maderna
=260  \\$aLucca$bLibreria Musicale Italiana$c2015
=300  \\$a390
=942  \\$cBOO
=952  \\$00$10$2ddc$40$6BIO_MADE_E$70$8BIO$918454$aORPH$bORPH$cKTS1_P$d2021-10-19$g35.00$oBIO MADE e$p20129857$r2021-01-12 00:00:00$w2021-01-12$yBOO
=999  \\$c18399$d18399

