=LDR  01864aam a2200193   4500
=001  18400
=005  20250120120016.0
=008  161121s2014\\\\\\\\\\\\\\\\\\\\\\0\fre
=020  \\$a9782021181425
=041  \\$afre
=100  \\$aCitton, Yves$4aut$919723
=245  \\$aPour une écologie de l'attention
=260  \\$aParis$bSeuil$c2014
=300  \\$a312 pages
=520  \\$aEconomie de l'attention, incapacité de se concentrer, armes de distraction massive, googlisation des esprits: d'innombrables publications dénoncent le déferlement d'images et d'informations qui, de la télévision à Interner en passant par les jeux vidéo, condamnerait notre jeunesse à un déficit attentionnel pathologique. Cet essai propose une vision d'ensemble de ces questions qui prend à contre-pied les lamentations courantes. Oui, la sur-sollicitation de notre attention est un problème à mettre au coeur de nos analyses économiques, de nos réformes pédagogiques, de nos réflexions éthiques et de nos luttes politiques. Mais, non, l'avènement du numérique ne nous condamne pas à une dissipation abrutissante. Comment rediriger notre attention ? À quoi en accorder ? Faut-il que chacun apprenne à "gérer" ses ressources attentionnelles pour être plus "compétitif", ou faut-il plutôt nous rendre mieux attentifs les uns aux autres ainsi qu'aux défis environnementaux (climatiques et sociaux) qui menacent notre milieu existentiel? Ce livre défend la seconde voie. Il pose les fondements d'une écologie de l'attention comme alternative à une suroccupation qui nous écrase. Il espère que vous trouverez le temps de le lire...
=650  \0$aPhilosophy$1http://www.wikidata.org/entity/Q5891$92357
=942  \\$cBOO
=952  \\$00$10$2ddc$40$6PHI_CITT_A$70$8PHI$918455$aORPH$bORPH$cKM12_3_2$d2021-08-11$oPHI CITT a$p20133617$r2021-01-12 00:00:00$w2021-01-12$yBOO
=999  \\$d18400

