=LDR  02475aam a2200181   4500
=001  18402
=005  20250120120014.0
=008  130821s1980\\\\\\\\\\\\\\\\\\\\\\0\\\\
=020  \\$a9780394739540
=100  \\$4aut$aFoucault, Michel$d1926-1984$1http://www.wikidata.org/entity/Q44272$915787
=100  \\$4Editor$aGordon, Colin$919724
=245  \\$aPower/ knowledge: Selected interviews & other wings 1972-1977
=260  \\$aNew York$bVintage books$c1980
=300  \\$a270
=520  \\$aMichel Foucault has become famous for a series of books that have permanently altered our understanding of many institutions of Western society. He analyzed mental institutions in the remarkable Madness and Civilization; hospitals in The Birth of the Clinic; prisons in Discipline and Punish; and schools and families in The History of Sexuality. But the general reader as well as the specialist is apt to miss the consistent purposes that lay behind these difficult individual studies, thus losing sight of the broad social vision and political aims that unified them.

Now, in this superb set of essays and interviews, Foucault has provided a much-needed guide to Foucault. These pieces, ranging over the entire spectrum of his concerns, enabled Foucault, in his most intimate and accessible voice, to interpret the conclusions of his research in each area and to demonstrate the contribution of each to the magnificent -- and terrifying -- portrait of society that he was patiently compiling.

For, as Foucault shows, what he was always describing was the nature of power in society; not the conventional treatment of power that concentrates on powerful individuals and repressive institutions, but the much more pervasive and insidious mechanisms by which power "reaches into the very grain of individuals, touches their bodies and inserts itself into their actions and attitudes, their discourses, learning processes and everyday lives"

Foucault's investigations of prisons, schools, barracks, hospitals, factories, cities, lodgings, families, and other organized forms of social life are each a segment of one of the most astonishing intellectual enterprises of all time -- and, as this book proves, one which possesses profound implications for understanding the social control of our bodies and our minds.
=942  \\$cBOO
=952  \\$00$10$2ddc$40$6PHI_FOUC_A$70$8PHI$918457$aORPH$bORPH$cKM12_3_2$d2021-08-09$g10.00$oPHI FOUC a$p20130540$r2021-01-12 00:00:00$w2021-01-12$yBOO
=999  \\$c18402$d18402

