=LDR  02431aam a2200205   4500
=001  18403
=005  20250120120020.0
=008  170602s2017\\\\\\\\\\\\\\\\\\\\\\0\eng
=020  \\$a9780691170718
=041  \\$aeng
=245  \\$aThe Power of Networks:$bSix Principles that Connect Our Lives
=260  \\$aPrinceton, NJ$bPrinceton University Press$c2017
=300  \\$a310 pages
=520  \\$aWhat makes WiFi faster at home than at a coffee shop? How does Google order search results? Why do Amazon, Netflix, and YouTube use fundamentally different rating and recommendation methodsand why does it matter? Is it really true that everyone on Facebook is connected in six steps or less? And how do cat videosor anything elsego viral? The Power of Networks answers questions like these for the first time in a way that all of us can understand and use, whether at home, the office, or school. Using simple language, analogies, stories, hundreds of illustrations, and no more math than simple addition and multiplication, Christopher Brinton and Mung Chiang provide a smart but accessible introduction to the handful of big ideas that drive the technical and social networks we use every dayfrom cellular phone networks and cloud computing to the Internet and social media platforms.

The Power of Networks unifies these ideas through six fundamental principles of networking, which explain the difficulties in sharing network resources efficiently, how crowds can be wise or not so wise depending on the nature of their connections, how there are many building-blocks of layers in a network, and more. Understanding these simple ideas unlocks the workings of everything from the connections we make on Facebook to the technology that runs such platforms. Along the way, the authors also talk with and share the special insights of renowned experts such as Google's Eric Schmidt, former Verizon Wireless CEO Dennis Strigl, and "fathers of the Internet" Vint Cerf and Bob Kahn.

Networks are everywhere. The Power of Networks shows how they workand what understanding them can do for you.
=650  \0$aComputer science$1http://www.wikidata.org/entity/Q21198$92375
=700  \\$4aut$aBrinton, Christopher G.$919725
=700  \\$4aut$aChiang, Mung$919726
=942  \\$cBOO
=952  \\$00$10$2ddc$40$6SCI_BRIN$70$8SCI$918458$aORPH$bORPH$cKM12_1$d2017-05-02$g21.16$l1$m1$oSCI BRIN$p20132357$r2024-12-17 12:09:55$s2021-03-12$w2021-01-12$yBOO
=999  \\$d18403

