=LDR  01547aam a2200217   4500
=001  18408
=005  20250305123013.0
=008  121012s2008\\\\\\\\\\\\\\\\\\\\\\0\eng
=020  \\$a9780226476964
=041  \\$aeng
=100  \\$aLewis, George E.$4aut$919729
=245  \\$aA Power Stronger than Itself:$bThe AACM and American Experimental Music
=260  \\$aChicago$bUniversity of Chicago Press$c2008
=300  \\$a676 pages
=520  \\$aFounded in 1965 and still active today, the Association for the Advancement of Creative Musicians (AACM) is an American institution with an international reputation. George E. Lewis, who joined the collective as a teenager in 1971, establishes the full importance and vitality of the AACM with this communal history, written with a symphonic sweep that draws on a cross-generational chorus of voices and a rich collection of rare images.

Moving from Chicago to New York to Paris, and from founding member Steve McCalls kitchen table to Carnegie Hall, A Power Stronger Than Itself uncovers a vibrant, multicultural universe and brings to light a major piece of the history of avant-garde music and art.
=650  \0$aMusic history$1http://www.wikidata.org/entity/Q846047$921373
=650  \0$aAvant-garde$1http://www.wikidata.org/entity/Q102932$921178
=651  \0$aUSA$1http://www.wikidata.org/entity/Q30$943
=942  \\$cBOO
=952  \\$00$10$2ddc$40$6TOP_US_7_000000000000000$70$8TOP$918463$aORPH$bORPH$cKTS0$d2022-10-02$g14.00$l0$oTOP US 7$p20130908$r2021-01-12 00:00:00$w2021-01-12$yBOO$Vamazon.co.uk
=999  \\$d18408

