=LDR  01091aam a2200205   4500
=001  18416
=005  20250109133042.0
=008  111122s2001\\\\\\\\\\\\\\\\\\\\\\0\e
=020  \\$a9780415228138
=041  \\$aeng
=100  \\$4Editor$aSchatzki, Theodore R.$919740
=100  \\$4Editor$aKnorr Cetina, Karin$919741
=100  \\$4Editor$avon Savigny, Eike$918477
=245  \\$aThe practice turn in contemporary theory
=260  \\$aLondon$bRoutledge$c2001
=300  \\$a238
=520  \\$aThis book provides an exciting and diverse philosophical exploration of the role of practice and practices in human activity. It contains original essays and critiques of this philosophical and sociological attempt to move beyond current problematic ways of thinking in the humanities and social sciences. It will be useful across many disciplines, including philosophy, sociology, science, cultural theory, history and anthropology.
=942  \\$cBOO
=952  \\$00$10$2ddc$40$6PHI_SCHA_A$70$8PHI$918471$aORPH$bORPH$cKM12_3_2$d2021-08-10$oPHI SCHA a$p20133532$r2021-01-12 00:00:00$w2021-01-12$yBOO
=999  \\$c18416$d18416

