=LDR  01101aam a2200205   4500
=001  18417
=005  20250120120101.0
=008  130322s2006\\\\\\\\\\\\\\\\\\\\\\0\e
=020  \\$a9780415228145
=041  \\$aeng
=100  \\$4Editor$aCetina, Karin Knorr$917129
=100  \\$4Editor$aSavigny, Eike$919742
=100  \\$4Editor$aSchatzki, Theodore R.$919740
=245  \\$aThe practice turn in contemporary theory
=260  \\$aAbingdon, Oxon$bRoutledge$c2006
=300  \\$a239
=520  \\$ahis book provides an exciting and diverse philosophical exploration of the role of practice and practices in human activity. It contains original essays and critiques of this philosophical and sociological attempt to move beyond current problematic ways of thinking in the humanities and social sciences. It will be useful across many disciplines, including philosophy, sociology, science, cultural theory, history and anthropology.
=942  \\$cBOO
=952  \\$00$10$2ddc$40$6PHI_SCHA_A$70$8PHI$918472$aORPH$bORPH$cKM12_3_2$d2021-08-10$g26.34$oPHI SCHA a$p20133533$r2021-01-12 00:00:00$w2021-01-12$yBOO
=999  \\$c18417$d18417

