=LDR  00693aam a2200181   4500
=001  18423
=005  20250821124557.0
=008  130916s1973\\\\ag\a\\\\\\\\\\\\\\0\fre\d
=041  \\$afre
=100  \\$aCastro, Maria Rosa de$4aut$917118
=245  \\$aPrécis de technique pianistique.$bPour la pratique et l'enseignement
=260  \\$as.n.$bs.n.$cs.d.
=300  \\$a87 pages
=650  \0$aPiano$1http://www.wikidata.org/entity/Q5994$92127
=650  \0$aMethod$1http://www.wikidata.org/entity/Q2250960$921402
=942  \\$cBOO
=952  \\$00$10$2ddc$40$6INS_3_000000000000000_3C_CAST$70$8INS$918478$aORPH$bORPH$cKTS0$d2022-01-05$g40.00$oINS3.3c CAST$p20125986$r2021-01-12 00:00:00$w2021-01-12$yBOO
=999  \\$d18423

