=LDR  00922aam a2200193   4500
=001  18424
=005  20250109133042.0
=008  120111s2003\\\\\\\\\\\\\\\\\\\\\\0\eng
=020  \\$a9780192803436
=041  \\$aeng
=100  \\$aGosden, Chris$4aut$919756
=245  \\$aPrehistory:$bA Very Short Introduction
=260  \\$aOxford$bOxford University Press$c2003
=300  \\$a131 pages
=490  \\$aVery Short Introductions$v96
=520  \\$aMany of the familiar aspects of modern life are no more than a century or two old, yet our deep social structures and skills were in large measure developed by small bands of our prehistoric ancestors many millennia ago. In this book, readers are invited to think seriously about who we are by considering who we have been.
=942  \\$cBOO
=952  \\$00$10$2ddc$40$6HUM_GOSD$70$8HUM$918479$aORPH$bORPH$cKM12_1$d2021-12-22$oHUM GOSD$p20130585$r2021-01-12 00:00:00$w2021-01-12$yBOO
=999  \\$d18424

