=LDR  00680aam a2200181   4500
=001  18430
=005  20250109133034.0
=008  150303s2003\\\\\\\\\\\\\\\\\\\\\\0\fre
=020  \\$a9782020478458
=041  \\$afre
=100  \\$4aut$aBarthes, Roland$d1915-1980$1http://www.wikidata.org/entity/Q179109$919171
=245  \\$aLa Préparation du roman I et II : Cours et séminaires au Collège de France (1978-1979 et 1979-1980)
=260  \\$bSeuil$c2003
=300  \\$a476
=700  \\$aLéger, Nathalie$4edt$919760
=942  \\$cBOO
=952  \\$00$10$2ddc$40$6PHI_BART_A$70$8PHI$918485$aORPH$bORPH$cKM12_3_2$d2021-08-11$g25.00$oPHI BART a$p20133564$r2021-01-12 00:00:00$w2021-01-12$yBOO
=999  \\$d18430

