=LDR  00960aam a2200205   4500
=001  18432
=005  20250109133043.0
=008  120904s2004\\\\\\\\\\\\\\\\\\\\\\0\eng
=020  \\$a9781403913463
=041  \\$aeng
=245  \\$aPresentation skills for students
=260  \\$aNew York$bPalgrave Macmillan$c2004
=300  \\$a142 pages
=490  \\$aPalgrave study guides
=520  \\$aA practical, useful guide for all students in further or higher education. Topics covered include speaking effectively in seminars and tutorials, delivering formal presentations and succeeding at a job interviews. Regular checklists and the friendly, down to earth style make this an ideal reference tool.
=700  \\$4aut$aBecker, Lucinda$919762
=700  \\$4aut$aVan Emden, Joan$919763
=942  \\$cBOO
=952  \\$00$10$2ddc$40$6REF_2_000000000000000_BECK$70$8REF$918487$aORPH$bORPH$cKM12_1$d2021-08-23$g12.00$oREF2 BECK$p20131212$r2021-01-12 00:00:00$w2021-01-12$yBOO
=999  \\$d18432

