=LDR  01316aam a2200193   4500
=001  18433
=005  20230123104951.0
=008  120111s2004\\\\\\\\\\\\\\\\\\\\\\0\e
=020  \\$a9780192840943
=041  \\$aeng
=100  \\$aOsborne, Catherine$4aut$919764
=245  \\$aPresocratic philosophy: A very short introduction
=260  \\$aOxford$bOxford university press$c2004
=300  \\$a144
=520  \\$aGenerations of philosophers, both ancient and modern, have traced their inspiration back to the Presocratics. Part of the fascination stems from the fact that little of what they wrote survives. Here Osborne invites her readers to dip their toes into the fragmentary remains of thinkers from Thales to Pythagoras, Heraclitus to Protagoras, and to try to reconstruct the moves that they were making, to support stories that Western philosophers and historians of philosophy like to tell about their past.

This book covers the invention of western philosophy: introducing to us the first thinkers to explore ideas about the nature of reality, time, and the origin of the universe.

=490  \\$aVery short introductions$v103
=942  \\$cBOO
=952  \\$00$10$2ddc$40$6PHI_0_000000000000000_OSBO$70$8PHI$918488$aORPH$bORPH$cKM12_3_2$d2021-08-18$oPHI0 OSBO$p20133968$r2021-01-12 00:00:00$w2021-01-12$yBOO
=999  \\$c18433$d18433

