=LDR  01112aam a2200241   4500
=001  18437
=005  20250820153550.0
=008  131126s17021972\\\hg\\\\\\\\\\\\\0\fre\d
=041  \\$afre
=059  \\$ahpd
=100  \\$aSaint-Lambert, Monsieur de$4aut$1http://www.wikidata.org/entity/Q21660411$919766
=245  \\$aLes principes du clavecin
=250  \\$a1972
=260  \\$aGenève$aParis$bMinkoff$c1702$c1972
=300  \\$a68-64 pages
=648  \0$a18th Century (1701-1800)$1http://www.wikidata.org/entity/Q7015$920899
=650  \0$aMethod$1http://www.wikidata.org/entity/Q2250960$921402
=650  \0$aHarpsichord$1http://www.wikidata.org/entity/Q81982$92125
=650  \0$aBasso continuo$1http://www.wikidata.org/entity/Q724321$921065
=942  \\$cBOO
=952  \\$00$10$2ddc$40$6INS_3_000000000000000_2C_SAIN$70$8INS$918491$aORPH$bORPH$cKTS0$d2020-07-08$eKoopman$i13H01$l0$oINS3.2c SAIN$p20124989$r2021-01-12 00:00:00$w2021-01-12$yBOO
=952  \\$00$10$2ddc$40$6INS_3_000000000000000_2C_SAIN$70$8INS$918492$aORPH$bORPH$cKTS0$d2023-09-05$l0$oINS3.2c SAIN$p20130184$r2021-01-12 00:00:00$w2021-01-12$yBOO
=999  \\$d18437

