=LDR  01343aam a2200181   4500
=001  18440
=005  20250109133041.0
=008  130507s2013\\\\\\\\\\\\\\\\\\\\\\0\e
=020  \\$a9781441177568
=041  \\$ae
=100  \\$aLaruelle, François$4aut$919618
=245  \\$aPrinciples of non-philosophy
=260  \\$aLondon$bBloomsbury$c2013
=300  \\$a315
=520  \\$aPrinciples of Non-Philosophy is a treatise on the method, axioms and objectives of non-philosophy and represents François Laruelle's mature philosophy. 

As well as presenting the method and principles of non-philosophy, it includes a history of the development of non-philosophy, a novel conception of science, a discussion of non-philosophical causality and new theories of the subject and object of thought. Providing an introduction to Laruelle's novel theory of 'non-epistemology' or 'unified theory of thought', this volumes challenges the way we think about the traditional philosophical problems.

Bringing together all the elements of his thought developed over twenty years and laying the foundations for his later work, Principles of Non-Philosophy is arguably Laruelle's magnum opus.
=942  \\$cBOO
=952  \\$00$10$2ddc$40$6PHI_LARU_A$70$8PHI$918495$aORPH$bORPH$cKM12_3_2$d2021-08-11$g20.13$oPHI LARU a$p20130557$r2021-01-12 00:00:00$w2021-01-12$yBOO
=999  \\$c18440$d18440

