=LDR  02040aam a2200217   4500
=001  18441
=005  20250120120514.0
=008  111122s1950\\\\\\\\\\\\\\\\\\\\\\0\eng
=020  \\$a9780486203812
=041  \\$aeng
=100  \\$aJames, William$d1842-1910$4aut$1http://www.wikidata.org/entity/Q125249$919768
=245  \\$aThe Principles of Psychology
=260  \\$aNew York$bDover$c1950
=300  \\$a2 vols. (688+689 pages)
=520  \\$aThe Principles of Psychology is a two-volume introduction to the study of the human mind. Based on his classroom lessons and first published in 1890, James has gathered together what he feels to be the most interesting and most accessible information for the beginning student. Psychology, according to James, deals with thoughts and feelings as its facts and does not attempt to determine where such things come from. This would be the realm of metaphysics, and he is careful to avoid crossing over from science into philosophy. This first volume contains discussions of the brain, methods for analyzing behavior, thought, consciousness, attention, association, time, and memory. Anyone wanting a thorough introduction to psychology will find this work useful and engaging. American psychologist and philosopher WILLIAM JAMES (1842-1910), brother of novelist Henry James, was a groundbreaking researcher at Harvard University and one of the most popular thinkers of the 19th century. Among his many works are Human Immortality (1898) and The Varieties of Religious Experience: A Study in Human Nature (1902).
=648  \0$a19th Century (1801-1900)$1http://www.wikidata.org/entity/Q6955$920935
=650  \0$aPsychology$1http://www.wikidata.org/entity/Q9418$922578
=942  \\$cBOO
=952  \\$00$10$2ddc$3vol. 1$40$6PHI_JAME_A$70$8PHI$918496$aORPH$bORPH$cKM12_3_2$d2021-08-11$oPHI JAME a$p20133751$r2021-01-12 00:00:00$w2021-01-12$yBOO
=952  \\$00$10$2ddc$3vol. 2$40$6PHI_JAME_A$70$8PHI$918497$aORPH$bORPH$cKM12_3_2$d2021-08-11$g18.95$oPHI JAME a$p20133750$r2021-01-12 00:00:00$w2021-01-12$yBOO
=999  \\$d18441

