=LDR  00672aam a2200157   4500
=001  18445
=005  20241202101132.0
=008  120827s2005\\\\\\\\\\\\\\\\\\\\\\0\dut
=020  \\$a9789027462879
=100  \\$aVerschuren, P. J. M.$4aut$919770
=245  \\$aDe probleemstelling voor een onderzoek: Handleiding voor het maken van de probleemstelling voor een wetenschappelijk of beleidsgericht onderzoek, voor een scriptie, nota, of artikel
=260  \\$aUtrecht$bSpectrum$c2005
=300  \\$a167 pages
=942  \\$cBOO
=952  \\$00$10$2ddc$40$6REF_2_000000000000000_VERS$70$8REF$918500$aORPH$bORPH$cKM12_1$d2021-08-24$oREF2 VERS$p20131179$r2021-01-12 00:00:00$w2021-01-12$yBOO
=999  \\$d18445

