=LDR  00772aam a2200169   4500
=001  18447
=005  20230123104952.0
=008  170214s1953\\\\\\\\\\\\\\\\\\\\\\0\d
=041  \\$ager
=100  \\$4aut$aHerring, Herbert$919772
=245  \\$aDas Problem der Affektion bei Kant: Die Frage nach der Gegebenheitsweise des Gegenstandes in der Kritik der reinen Vernunft und die Kant-Interpretation
=260  \\$aKöln$bKölner universitäts verlag$c1953
=300  \\$a107
=490  \\$aKantstudien$pErgängzungshefte herausgegeven im Auftrag der Kantgesellschaft Landesgruppe Rheinland-Westfalen$v67
=942  \\$cBOO
=952  \\$00$10$2ddc$40$6PHI_KANT_B_HERR$70$8PHI$918502$aORPH$bORPH$cKM12_3_2$d2021-08-02$oPHI KANT b HERR$p20132823$r2021-01-12 00:00:00$w2021-01-12$yBOO
=999  \\$c18447$d18447

