=LDR  00519aam a2200157   4500
=001  18449
=005  20230123104953.0
=008  170131s1929\\\\\\\\\\\\\\\\\\\\\\0\d
=041  \\$ager
=100  \\$aMalottki, Johannes von$4aut$919773
=245  \\$aDas Problem des Gegebenen
=260  \\$aBerlin$bPan-Verlag Kurt Menzinger$c1929
=300  \\$a60
=942  \\$cBOO
=952  \\$00$10$2ddc$40$6PHI_KANT_B_MALO$70$8PHI$918504$aORPH$bORPH$cKM12_3_2$d2021-08-02$oPHI KANT b MALO$p20132825$r2021-01-12 00:00:00$w2021-01-12$yBOO
=999  \\$c18449$d18449

