=LDR  00530aam a2200169   4500
=001  18452
=005  20230123104948.0
=008  140428s1976\\\\\\\\\\\\\\\\\\\\\\0\d
=020  \\$a3589204265
=041  \\$ager
=100  \\$aSavigny, Eike$4aut$919742
=245  \\$aProbleme der sprachlichen bedeutung
=260  \\$aKronberg$bScriptor verlag$c1976
=300  \\$a262
=942  \\$cBOO
=952  \\$00$10$2ddc$40$6PHI_SAVI_A$70$8PHI$918507$aORPH$bORPH$cKM12_3_2$d2021-08-10$oPHI SAVI a$p20133536$r2021-01-12 00:00:00$w2021-01-12$yBOO
=999  \\$c18452$d18452

