=LDR  03404aam a2200349   4500
=001  18455
=005  20250121142132.0
=008  131021s2013\\\\\\\g\\\\\\\\\\\\\\0\mul\d
=020  \\$a9785986043920
=041  \\$arus$afre
=100  \\$4edt$aGliadechkina, Zoïa$919779
=245  \\$aProblèmes théoriques de la musique baroque francaise =$bТеоретические проблемы музыки французского барокко
=260  \\$aMoscow$bAcadémie Gnessine$c2013
=300  \\$a570 pages
=505  \\$gIntroduction / Z. I. Gliadechkina -- Le Centre de Musique Baroque de Versailles / V. B. de Lioncourt -- Mon travail au Centre de Musique Baroque de Versailles / G. Geay -- L'harmonie modale dans la musique française au XVIIe siècle : ses critères et son fondement dans les ouvrages de Gérard Geay / Z. I. Gliadechkina -- La musique française du XVIIe siècle était-elle tonale ? / G. Geay -- L'édition de la polyphonie française du XVIIe siècle / G. Geay -- Le style des Vingt-quatre violons et les premières compositions du jeune Lully / G. Geay -- Contrepoint et modalité dans les Airs en mineur de Guédron / G. Geay -- Synopsis de l'ouvrage « L'Air de Cour en France. 1571-1655 » / G. Durosoir -- Extraits de l'ouvrage L'Air de Cour en France. 1571-1655 : La poésie (thèmes, formes et structures) dans les recueils de Bataille / G. Durosoir -- Pierre Guédron. Particularités de l'écriture stylistique : l'harmonie et le rythme, le thématisme et la forme musicale. Sur la matière des Airs de Cour / G. Durosoir -- Marin Mersenne – savant, philosophe, musicien / Z. I. Gliadechkina -- La théorie de la tonalité dans la musicologie française aux XVIIIe-XIXe siècle et son influence sur la musicologie russe / Z. I. Gliadechkina -- La doctrine de l'harmonie dans le traité de Saint-Lambert « Nouveau traité de l'accompagnement du clavecin, de l'orgue et des autres instruments » / Z. I. Gliadechkina -- Extraits de l'ouvrage « Nouveau traité de l'accompagnement du Clavecin, de l'Orgue et des autres instruments » / de Saint-Lambert
=600  \0$aGuédron, Pierre$dc. 1565-c. 1621$1http://www.wikidata.org/entity/Q524331$922416
=600  \0$aMersenne, Marin$d1588-1648$1http://www.wikidata.org/entity/Q188663$912728
=600  \0$aSaint-Lambert, Monsieur de$1http://www.wikidata.org/entity/Q21660411$919766
=600  \0$aLully, Jean-Baptiste$d1632-1687$1http://www.wikidata.org/entity/Q1192$95867
=648  \0$a16th Century (1501-1600)$1http://www.wikidata.org/entity/Q7017$920944
=648  \0$a17th Century (1601-1700)$1http://www.wikidata.org/entity/Q7016$920923
=648  \0$a18th Century (1701-1800)$1http://www.wikidata.org/entity/Q7015$920899
=650  \0$aMusic theory$1http://www.wikidata.org/entity/Q193544$92662
=650  \0$aHarmony$1http://www.wikidata.org/entity/Q184421$92358
=650  \0$aTotalitarianism$1http://www.wikidata.org/entity/Q128135$923757
=650  \0$aMusical style$1http://www.wikidata.org/entity/Q11921029$92421
=650  \0$aAir de cour$1http://www.wikidata.org/entity/Q407916$921710
=650  \0$aAccompaniment$1http://www.wikidata.org/entity/Q504514$92918
=651  \0$aFrance$1http://www.wikidata.org/entity/Q142$9131
=942  \\$cBOO
=952  \\$00$10$2ddc$40$6TOP_FR_5_000000000000000$70$8TOP$918510$aORPH$bORPH$cKTS0$d2022-05-10$oTOP FR 5$p20130990$r2021-01-12 00:00:00$w2021-01-12$yBOO
=999  \\$d18455

