=LDR  01698aam a2200181   4500
=001  18460
=005  20250120120018.0
=008  130926s1981\\\\\\\\\\\\\\\\\\\\\\0\e
=020  \\$a9780521316415
=041  \\$aeng
=100  \\$aFeyerabend, Paul$4aut$915810
=245  \\$aProblems of empiricism: Philosophical papers: Volume 2
=260  \\$aNew York$bCambridge University Press$c1981
=300  \\$a254
=520  \\$aOver the past thirty years Paul Feyerabend has developed an extremely distinctive and influentical approach to problems in the philosophy of science. The most important and seminal of his published essays are collected here in two volumes, with new introductions to provide an overview and historical perspective on the discussions of each part. Volume 1 presents papers on the interpretation of scientific theories, together with papers applying the views developed to particular problems in philosophy and physics. The essays in volume 2 examine the origin and history of an abstract rationalism, as well as its consequences for the philosophy of science and methods of scientific research. Professor Feyerabend argues with great force and imagination for a comprehensive and opportunistic pluralism. In doing so he draws on extensive knowledge of scientific history and practice, and he is alert always to the wider philosophical, practical and political implications of conflicting views. These two volumes fully display the variety of his ideas, and confirm the originality and significance of his work.
=942  \\$cBOO
=952  \\$00$10$2ddc$40$6PHI_FEYE_A$70$8PHI$918515$aORPH$bORPH$cKM12_3_2$d2021-08-09$g33.00$oPHI FEYE a$p20133282$r2021-01-12 00:00:00$w2021-01-12$yBOO
=999  \\$c18460$d18460

