=LDR  03015aam a2200193   4500
=001  18463
=005  20250109133043.0
=008  120126s2007\\\\\\\\\\\\\\\\\\\\\\0\eng
=020  \\$a9789090224848
=041  \\$aeng
=245  \\$aProceedings of the International Symposium on Performance Science 2007
=260  \\$aUtrecht$bEuropean Association of Conservatoires (AEC)$c2007
=300  \\$a699 pages
=520  \\$aPerformance is a multifaceted pursuit, and as such, the study and
investigation of performance has become increasingly interdisciplinary in
recent years. The International Symposium on Performance Science aims to
bring together artists and scientists, researchers and practitioners, and
students and teachers for a lively exchange on performance and the skills
which underpin it.
The first ISPS, held in Porto?s Casa da Música on 22-23 November 2007,
focused on theories, methods, and applications of performance science within
the field of music. Musical performance, even at its most elementary levels,
requires the management of a wide array of cognitive, motor, perceptual, and
social skills. Together, these enable instrumental and vocal control,
interpretive insight, and close coordination and synchrony with fellow performers.
These skills, moreover, are influenced by the physical strains of
practicing and performing, as well as the demands that arise from performing
in different venues and in front of different audiences. It seems clear,
therefore, that there is tremendous scope for furthering insight into music
making by engaging in interdisciplinary discourse and debate; given the
diverse nature of musical performance, it also seems clear that the fruits of
such discourse will offer far reaching implications for fields beyond music.
For ISPS 2007, researchers and practitioners at every level were invited to
submit papers on work exploring the interface between skilled artistry and
scientific discovery. The result is a collection of articles that showcase recent
initiatives which have employed scientific theories and methods to inform the
art of performance and used performance as an exemplary means of advancing
theories and applications of science. These proceedings, which reflect
the chronology of the symposium, represent a broad range of applications
and interests from across the field of music, as well as the natural, social, and
applied sciences.
We hope that this volume will spark further discussion within and beyond
music and, importantly, give rise to subsequent collaborative investigations.
We believe that it is through an interdisciplinary approach that research will
contribute most significantly to the understanding of performance and to
assist performers in their primary role: performing.
=700  \\$4edt$aWilliamon, Aaron$918837
=700  \\$4edt$aCoimbra, Daniela$919782
=942  \\$cBOO
=952  \\$00$10$2ddc$40$6REF_3_000000000000000_WILL$70$8REF$918519$aORPH$bORPH$cKM12_1$d2021-08-30$oREF3 WILL$p20131239$r2021-01-12 00:00:00$w2021-01-12$yBOO
=999  \\$d18463

