=LDR  00846aam a2200193   4500
=001  18466
=005  20250109133043.0
=008  130905s2013\\\\\\\\\\\\\\\\\\\\\\0\eng
=020  \\$a9782960137804
=041  \\$aeng
=245  \\$aProceedings of the International Symposium on Performance Science 2013
=260  \\$aUtrecht$bEuropean Association of Conservatoires (AEC)$c2013
=300  \\$a838 pages
=520  \\$aThe ISPS 2013 theme, Performing Together, is intended to encourage discussion and debate on collaborative performing activities of all types and between various constituents.
=700  \\$4edt$aWilliamon, Aaron$918837
=700  \\$4edt$aGoebl, Werner$919787
=942  \\$cBOO
=952  \\$00$10$2ddc$40$6REF_3_000000000000000_WILL$70$8REF$918523$aORPH$bORPH$cKM12_1$d2021-08-30$oREF3 WILL$p20131235$r2021-01-12 00:00:00$w2021-01-12$yBOO
=999  \\$d18466

