=LDR  00642aam a2200169   4500
=001  18468
=005  20250120120102.0
=008  160820s\\\\\\\\\\\\\\\\\\\\\\\\\\0\d
=041  \\$ager
=100  \\$aKant, Immanuel$d1724-1804$4aut$1http://www.wikidata.org/entity/Q9312$917146
=245  \\$aProlegomena zu einer jeden künftigen Metaphysik, die als Wissenschaft wird auftreten können
=260  \\$aLeipzig$bPhilipp Reclam jun.$c(1783)
=300  \\$a230
=520  \\$aMini book
=942  \\$cBOO
=952  \\$00$10$2ddc$40$6PHI_KANT_A$70$8PHI$918525$aORPH$bORPH$cKM12_3_2$d2021-08-02$oPHI KANT a$p20132803$r2021-01-12 00:00:00$w2021-01-12$yBOO
=999  \\$c18468$d18468

