=LDR  01219aam a2200169   4500
=001  18470
=008  120307s2002\\\\nl\a\\\\\\\\\\\\\\0\dut
=020  \\$a9789052600024
=041  \\$adut
=100  \\$aLelieveldt, Herman$4aut$919791
=245  \\$aPromoveren; Een wegwijzer voor de beginnende wetenschapper
=260  \\$aAmsterdam$bAksant$c2002
=300  \\$a109 pages
=520  \\$aNa het afstuderen aan de universiteit doorgaan in de wetenschap via een aanstelling als 'aio' of 'oio' is voor velen een logische stap. Maar dat het promoveren niet zo makkelijk is, blijkt wel uit het grote aantal uitvallers en de vele promovendi die hun project niet op tijd weten af te ronden. Herman Lelieveldt, zelf gepromoveerd, doet in deze wegwijzer talloze suggesties die ervoor zorgen dat het schrijven van een proefschrift sneller, leuker en beter gaat. Op basis van eigen en andermans ervaringen en eerder verschenen literatuur geeft hij praktische tips die helpen om van het vaak zo abstracte en ingewikkelde onderzoek een hanteerbaar project te maken.
=942  \\$cBOO
=952  \\$00$10$2ddc$40$6REF_2_000000000000000_LELI$70$8REF$918527$aORPH$bORPH$cKM12_1$d2021-08-24$oREF2 LELI$p20131132$r2021-01-12 00:00:00$w2021-01-12$yBOO
=999  \\$d18470

