=LDR  00805aam a2200169   4500
=001  18472
=005  20230123104955.0
=008  180307s2018\\\\\\\\\\\\\\\\\\\\\\0\eng
=041  \\$aeng
=100  \\$aStaal, Jonas Hendrik$4aut$919793
=245  \\$aPropaganda art from the 20th to the 21st century
=260  \\$aLeiden$bLeiden University$c2018
=300  \\$a425 pages
=520  \\$aProefschrift ter verkrijging van de graag van Doctor aan de Universiteit Leiden, op gezag van Rector Magnificus prof. mr. C.J.J.M. Stolker, volgens het besluit van het College voor Promoties te verdedigen op donderdag 25 januari 2018 klokke 15:00 uur.
=942  \\$cDIS
=952  \\$00$10$2ddc$40$6MTP_5_000000000000000_STAA$70$8MTP$918529$aORPH$bORPH$cKM12_1$d2021-08-31$oMTP5 STAA$p20131397$r2021-01-12 00:00:00$w2021-01-12$yDIS
=999  \\$d18472

