=LDR  01448aam a2200289   4500
=001  18473
=005  20250925143305.0
=008  190509s1988\\\\\\\\\\\\\\\\\\\\\\0\eng
=020  \\$a0049200798
=041  \\$aeng
=100  \\$4aut$aRussell, Bertrand$d1872-1970$1http://www.wikidata.org/entity/Q33760$915730
=245  \\$aProphecy and Dissent, 1914-16
=260  \\$aLondon$bUnwin Hyman$c1988
=300  \\$a680 pages
=490  \\$aThe Collected Papers of Bertrand Russell$v13
=520  \\$aBertrand Russell's shorter writings against British participation in the First World War from its outbreak until the formation of Lloyd George's coalition. It includes the fullest documentation yet of the continuing government attempts to stifle Russell, then regarded as Britain's most dangerous pacifist.
=648  \0$a20th Century (1901-2000)$1http://www.wikidata.org/entity/Q6927$920936
=650  \0$aWorld War I (1914-1918)$1http://www.wikidata.org/entity/Q36$92913
=650  \0$aPhilosophy$1http://www.wikidata.org/entity/Q5891$92357
=651  \0$aUnited Kingdom$1http://www.wikidata.org/entity/Q21$9273
=700  \\$4edt$aRempel, Richard A.$916646
=700  \\$4edt$aFrohmann, Bernd$917181
=700  \\$4edt$aLippincott, Mark$919794
=700  \\$4edt$aMoran, Margaret$916648
=942  \\$cBOO
=952  \\$00$10$2ddc$40$6PHI_RUSS_A$70$8PHI$918530$aORPH$bORPH$cKM12_3_2$d2021-08-09$oPHI RUSS a$p20133355$r2021-01-12 00:00:00$w2021-01-12$yBOO
=999  \\$d18473

