=LDR  01960aam a2200277   4500
=001  18478
=005  20251001162313.0
=008  120117s1989\\\\\\\\\\\\\\\\\\\\\\0\eng
=020  \\$a9780521363495
=041  \\$aeng$hfre
=100  \\$4aut$aNattiez, Jean-Jacques$d1945-$1http://www.wikidata.org/entity/Q1161507$916330
=245  \\$aProust as Musician
=260  \\$aCambridge$bCambridge University Press$c1989
=300  \\$a140 pages
=520  \\$aThroughout A la recherche du temps perdu, and particularly Swann in Love, Proust displays a surprising sensitivity to the way music is heard, a sensitivity to which we owe some of the most beautiful writing on music. Music as a model for literature: this is the subject of Nattiez's book, which unravels the various musical themes running through Proust's work, and which constitutes a particularly lucid and perceptive introduction to his writing. Through a study of the texts devoted to the Sonata and Septet of Vinteuil, the author demonstrates the fundamental role played by music in the evolution of the novel, and shows how Debussy, Wagner, and Beethoven provide the basis for a mystical quest whose goal is pure music and the literary absolute.
=600  \0$aProust, Marcel$d1871-1922$1http://www.wikidata.org/entity/Q7199$919411
=600  \0$aBeethoven, Ludwig van$d1770-1827$1http://www.wikidata.org/entity/Q255$95335
=600  \0$aWagner, Richard$d1813-1883$1http://www.wikidata.org/entity/Q1511$97120
=600  \0$aDebussy, Claude$d1862-1918$1http://www.wikidata.org/entity/Q4700$918776
=650  \0$aMusic philosophy and aesthetics$1http://www.wikidata.org/entity/Q2092865$921165
=650  \0$aLiterature$1http://www.wikidata.org/entity/Q8242$94439
=700  \\$4trl$aPuffet, Derrick$919799
=765  \\$aProust musicien
=942  \\$cBOO
=952  \\$00$10$2ddc$40$6BIO_PROU_E$70$8BIO$918535$aORPH$bORPH$cKTS1_P$d2022-05-10$g35.00$oBIO PROU e$p20129813$r2021-01-12 00:00:00$w2021-01-12$yBOO
=999  \\$d18478

