=LDR  01216aam a2200277   4500
=001  18480
=005  20251001162313.0
=008  120117s1999\\\\\\\\\\\\\\\\\\\\\\0\fre
=020  \\$a2267003716
=041  \\$afre
=100  \\$aNattiez, Jean-Jacques$d1945-$4aut$1http://www.wikidata.org/entity/Q1161507$916330
=245  \\$aProust musicien
=250  \\$aNouvelle édition revue et corrigée
=260  \\$aParis$bBourgois$c1999
=300  \\$a179 pages
=490  \\$aCollection « Musiques »
=534  \\$aOriginally published in 1984
=600  \0$aProust, Marcel$d1871-1922$1http://www.wikidata.org/entity/Q7199$919411
=600  \0$aBeethoven, Ludwig van$d1770-1827$1http://www.wikidata.org/entity/Q255$95335
=600  \0$aWagner, Richard$d1813-1883$1http://www.wikidata.org/entity/Q1511$97120
=600  \0$aDebussy, Claude$d1862-1918$1http://www.wikidata.org/entity/Q4700$918776
=650  \0$aMusic philosophy and aesthetics$1http://www.wikidata.org/entity/Q2092865$921165
=650  \0$aLiterature$1http://www.wikidata.org/entity/Q8242$94439
=942  \\$cBOO
=952  \\$00$10$2ddc$40$6BIO_PROU_E$70$8BIO$918537$aORPH$bORPH$cKTS1_P$d2022-05-10$oBIO PROU e$p20129814$r2021-01-12 00:00:00$w2021-01-12$yBOO
=999  \\$d18480

