=LDR  02439aam a2200289   4500
=001  18482
=005  20251003085500.0
=008  200708s2019\\\\\\\a\\\\\\\\\\\\\\0\eng\d
=020  \\$a9781851245109
=041  \\$aeng
=100  \\$aPearson, David$4aut$919800
=245  \\$aProvenance Research in Book History.$bA Handbook
=250  \\$aRev. ed.
=260  \\$aOxford$bBodleian library$c2019
=300  \\$a436 pages
=500  \\$aCo-published with The Bodleian Library, this thoroughly revised edition includes a new introductory section containing additional references to update the original text.

=520  \\$aSince this handbook was first published in 1994, interest in the book as a material object, and in the ways in which books have been owned, read and used, has burgeoned. Now established as a standard reference work, this book has been revised and expanded with a new set of over 200 color illustrations, updated bibliographies and extended international coverage of libraries and online resources. It covers the history and understanding of inscriptions, bookplates, ink and binding stamps, mottoes and heraldry, and describes how to identify owners and track down books from particular collections via library and sale catalogues. Each section features an evaluated bibliography listing further sources, both online and in print. Illustrated examples of the many kinds of ownership evidence which can be found in books are also shown throughout. Relevant to anyone seeking to identify previous owners of books, or trace private libraries, this title will also support the work of all book historians interested in the history of reading or the use of books and in the book as a material object. An essential handbook for anyone working in provenance research.
=534  \\$aOriginally published in 1994
=650  \0$aBook$1http://www.wikidata.org/entity/Q571$92285
=650  \0$aBookbinding$1http://www.wikidata.org/entity/Q240471$94369
=650  \0$aCatalogue$1http://www.wikidata.org/entity/Q2352616$921484
=650  \0$aLibrary$1http://www.wikidata.org/entity/Q7075$94229
=650  \0$aCollecting$1http://www.wikidata.org/entity/Q208165$92117
=650  \0$aPaleography$1http://www.wikidata.org/entity/Q179957$92960
=942  \\$cBOO
=952  \\$00$10$2ddc$40$6BIB_1_000000000000000_PEAR$70$8BIB$918539$aORPH$bORPH$cKTS0$d2023-12-07$l1$m2$oBIB1 PEAR$p20136335$r2021-04-28 00:00:00$s2021-03-10$w2021-01-12$yBOO
=999  \\$d18482

