=LDR  01535aam a2200181   4500
=001  18493
=005  20250120120119.0
=008  110830s2004\\\\\\\\\\\\\\\\\\\\\\0\eng
=020  \\$a9781591470298
=041  \\$aeng
=100  \\$aSternberg, Robert J.$4aut$917697
=245  \\$aPsychology 101 1/2 : The unspoken rules for success in academia
=260  \\$aWashington D.C.$bAmerican Psychological Association$c2004
=300  \\$a241 pages
=520  \\$aIn Psychology 101?, Yale professor Robert J. Sternberg passes along invaluable wisdom gleaned from his years of experience in academia. Dr. Sternberg has distilled his analysis of choices made over a long and singularly successful career into rich, densely packed maxims that will help students and new academics create a foundation for a gratifying career of their own. This book will also be immensely useful to those interested in advancing in their careers or those who want to find new meaning their work. Dr. Sternberg's advice gives readers a template for learning how to make lasting marks on-and significant contributions to-the academic world of psychology while still following their hearts. The thoughtful lessons this book offers will be highly valued by students, young psychologists, and career academicians. It is sure to become an enduring companion that readers will return to time and again.
=942  \\$cBOO
=952  \\$00$10$2ddc$40$6REF_2_000000000000000_STER$70$8REF$918550$aORPH$bORPH$cKM12_1$d2021-08-24$oREF2 STER$p20131187$r2021-01-12 00:00:00$w2021-01-12$yBOO
=999  \\$d18493

