=LDR  00811aam a2200181   4500
=001  18496
=005  20241202101132.0
=008  120117s1998\\\\\\\\\\\\\\\\\\\\\\0\e
=020  \\$a0585003106
=041  \\$aeng
=100  \\$aPashler, E. Harold$4aut$919811
=245  \\$aThe psychology of attention
=260  \\$aCambridge$bMIT Press$c1998
=300  \\$a494
=520  \\$a1. Introduction --
2. Selective attention --
3. Divided attention --
4. Attentional set --
5. Capacity and selection : theorizing about attention --
6. Central processing limitations in sensorimotor tasks --
7. Attention and memory --
8. Automaticity, effort, and control.
=942  \\$cBOO
=952  \\$00$10$2ddc$40$6PHI_PASH_A$70$8PHI$918553$aORPH$bORPH$cKM12_3_2$d2021-08-17$oPHI PASH a$p20133870$r2021-01-12 00:00:00$w2021-01-12$yBOO
=999  \\$c18496$d18496

