=LDR  01549aam a2200205   4500
=001  18500
=005  20250120120017.0
=008  150414s2014\\\\\\\\\\\\\\\\\\\\\\0\ger
=020  \\$a9783100022035
=041  \\$ager
=100  \\$aHan, Byung-Chul$d1959-$4aut$1http://www.wikidata.org/entity/Q495875$915738
=245  \\$aPsychopolitik:$bNeoliberalismus und die neuen Machttechniken
=260  \\$aFrankfurt am Main$bFischer$c2014
=300  \\$a123 pages
=520  \\$aNach seinem Bestseller :Müdigkeitsgesellschaft9 führt Byung-Chul Han, »der neue Star der deutschen Philosophie« (El País), seine Kritik am Neoliberalismus leidenschaftlich fort. Pointiert legt er die Herrschafts- und Machttechnik des neoliberalen Regimes dar, die im Gegensatz zu Foucaults Biopolitik die Psyche als Produktivkraft entdeckt. Han beschreibt die neoliberale Psychopolitik in all ihren Facetten, die in eine Krise der Freiheit führt.
Im Rahmen dieser Analytik der neoliberalen Machttechnik werden darüber hinaus eine erste Theorie von Big Data und eine luzide Phänomenologie der Emotion vorgelegt. Sein neuer fulminanter Essay entwirft jedoch auch Gegenmodelle zu einer neoliberalen Psychopolitik: reich an Ideen und voller Überraschungen.
=648  \0$a21st Century (2001-2100)$1http://www.wikidata.org/entity/Q6939$920812
=650  \0$aPhilosophy$1http://www.wikidata.org/entity/Q5891$92357
=942  \\$cBOO
=952  \\$00$10$2ddc$40$6PHI_HAN_A$70$8PHI$918557$aORPH$bORPH$cKM12_3_2$d2021-07-29$g19.00$oPHI HAN a$p20132787$r2021-01-12 00:00:00$w2021-01-12$yBOO
=999  \\$d18500

