=LDR  01280aam a2200193   4500
=001  18501
=005  20250120120905.0
=008  110829s2002\\\\\\\\\\\\\\\\\\\\\\0\eng
=020  \\$a9781557987907
=041  \\$aeng
=110  \\$aAmerican Psychological Association (USA)$1http://www.wikidata.org/entity/Q466587$925665
=245  \\$aPublication manual of the American Psychological Association
=250  \\$a3
=260  \\$aWashington D.C.$bAmerican Psychological Association$c2002
=300  \\$a439 pages
=520  \\$aThe Publication Manual of the American Psychological Association is the style manual of choice for writers, editors, students, and educators in the social and behavioral sciences. It provides invaluable guidance on all aspects of the writing process, from the ethics of authorship to the word choice that best reduces bias in language. Well-known for its authoritative and easy-to-use reference and citation system, the Publication Manual also offers guidance on choosing the headings, tables, figures, and tone that will result in strong, simple, and elegant scientific communication.
=942  \\$cBOO
=952  \\$00$10$2ddc$40$6REF_2_000000000000000_AMER$70$8REF$918558$aORPH$bORPH$cKM12_1$d2021-08-23$oREF2 AMER$p20131207$r2021-01-12 00:00:00$w2021-01-12$yBOO
=999  \\$d18501

