=LDR  00509aam a2200145   4500
=001  18503
=005  20250120120005.0
=008  201209s\\\\\\\\\\\\\\\\\\\\\\\\\\0\\\\
=100  \\$aDiverse$4aut$910528
=245  \\$aPublikatie stichting Groningen orgelland (=voorpagina; bundel - orgels in Nederland)
=260  \\$aGroningen$bStichting Groningen Orgelland
=260  \\$bDiverse
=942  \\$cBOO
=952  \\$00$10$40$70$8COLL_UNK$918560$aORPH$bORPH$cLOC_UNK$d2021-01-12$l0$r2021-01-12 00:00:00$w2021-01-12$yBOO
=999  \\$c18503$d18503

