=LDR  01046aam a2200205   4500
=001  18505
=005  20250109133043.0
=008  120312s1995\\\\\\\\\\\\\\\\\\\\\\0\eng
=020  \\$a9780803971448
=041  \\$aeng
=245  \\$aPublishing in the organizational sciences
=250  \\$a2nd ed.
=260  \\$aThousand Oaks$bSage Publications$c1995
=300  \\$a330 pages
=520  \\$aThis comprehensive overview of all aspects of the publishing process has been written especially for prospective authors who want to learn more about the field to advance their careers and publishing success. More than just a `how to' book, this volume explains the entire context of scholarly publishing and how it should, ideally, work toward advancing knowledge and successful management practice.
=700  \\$4edt$aCummings, L.L.$919819
=700  \\$4edt$aFrost, Peter J.$919820
=942  \\$cBOO
=952  \\$00$10$2ddc$40$6REF_2_000000000000000_CUMM$70$8REF$918562$aORPH$bORPH$cKM12_1$d2021-08-24$oREF2 CUMM$p20134869$r2021-01-12 00:00:00$w2021-01-12$yBOO
=999  \\$d18505

