=LDR  01832aam a2200181   4500
=001  18512
=005  20250109133043.0
=008  120424s2002\\\\\\\\\\\\\\\\\\\\\\0\eng
=020  \\$a9780761919711
=041  \\$aeng
=100  \\$aPatton, Michael Quinn$4aut$919825
=245  \\$aQualitative Research & Evaluation Methods
=260  \\$aLondon$bSage Publications$c2002
=300  \\$a598 pages
=520  \\$aThe book that has been a resource and training tool for countless applied researchers, evaluators, and graduate students has been completely revised with hundreds of new examples and stories illuminating all aspects of qualitative inquiry. Patton has created the most comprehensive, systematic and up-to-date review of qualitative methods available.

Patton has retained and expanded upon the Exhibits that highlight and summarize major issues and guidelines, the summative sections, tables, and figures as well as the sage advice of the Sufi Master, Halcolm. This revision will help readers integrate and make sense of the great volume of qualitative works published in the past decade. 


This book contains hundreds of examples and stories illuminating all aspects of qualitative inquiry. Patton has created the most comprehensive, systematic review of qualitative methods available.


Key Features 
Explores, compares and contrasts 16 different theoretical and philosophical approaches to qualitative inquiry
Offers strategies for enhancing quality and credibility of qualitative findings Unravels the complexities of mixed methods and triangulation
Explains the issues and approaches to fieldwork as well as providing detailed analytical guidelines

=942  \\$cBOO
=952  \\$00$10$2ddc$40$6REF_2_000000000000000_PATT$70$8REF$918569$aORPH$bORPH$cKM12_1$d2021-08-24$oREF2 PATT$p20131156$r2021-01-12 00:00:00$w2021-01-12$yBOO
=999  \\$d18512

