=LDR  02072aam a2200253   4500
=001  18513
=005  20250121142132.0
=008  161122s2014\\\\\\\\\\\\\\\\\\\\\\0\fre
=020  \\$a9782253154181
=041  \\$afre
=100  \\$aFumaroli, Marc$4aut$919826
=245  \\$aQuand l'Europe parlait français
=260  \\$aFrance$bÉditions de Fallois$c2014
=300  \\$a638 pages
=490  \\$aLe Livre de Poche
=520  \\$aA la mort de Louis XIV, Paris s'éveille, bruissant d'idées nouvelles, de salons, de cénacles, de débats, d'une vie intellectuelle et mondaine étincelante. Pour des décennies, la capitale française va devenir le point de mire de l'Europe civilisée, et le français s'imposer comme la langue de l'esprit, de l'intelligence et de la conversation. De cette fascination envers la France et notre langue, mille personnalités témoignent : monarques comme Frédéric II et Catherine de Russie ; princes et grands seigneurs tels Eugène de Savoie ou le maréchal de Saxe ; voyageurs lettrés comme l'Anglais Hamilton, l'Italien Caraccioli ; écrivains, savants, diplomates comme Franklin, Galiani, Grimm ou Beckford. De chacun, l'auteur de Le Poète et le Roi, Jean de La Fontaine en son siècle, donne un portrait érudit et étincelant, accompagné d'extraits de lettres ou de publications diverses. Ainsi se compose peu à peu un magnifique tableau de la civilisation des Lumières, doublé d'une réßexion sur les vertus et les prestiges de cette langue française que trop de nos contemporains ne savent plus ou n'osent plus aimer.
=534  \\$aOriginally published in 2001
=648  \0$a18th Century (1701-1800)$1http://www.wikidata.org/entity/Q7015$920899
=650  \0$aFrench$1http://www.wikidata.org/entity/Q150$923117
=650  \0$aCuckoo$1http://www.wikidata.org/entity/Q18845$922474
=651  \0$aEurope$1http://www.wikidata.org/entity/Q46$991
=942  \\$cBOO
=952  \\$00$10$2ddc$40$6HUM_FUMA$70$8HUM$918570$aORPH$bORPH$cKM12_1$d2016-11-06$g7.73$l1$m1$oHUM FUMA$p20138966$r2021-11-29 00:00:00$s2021-03-10$w2021-01-12$yBOO
=999  \\$d18513

