=LDR  02874aam a2200253   4500
=001  18516
=005  20251001162313.0
=008  120125s1992\\\\\\\\\\\\\\\\\\\\\\0\eng
=020  \\$a0860913600
=041  \\$aeng$hger
=100  \\$4aut$aAdorno, Theodor W.$d1903-1969$1http://www.wikidata.org/entity/Q152388$915795
=245  \\$aQuasi una fantasia:$bEssays on Modern Music
=260  \\$aNew York$bVerso$c1992
=300  \\$a336 pages
=520  \\$aQuasi una Fantasia contains Adorno's own selection from his essays and journalism over more than three decades. In its analytical profundity it can be compared to his Philosophy of Modern Music, but in the range of its topics and the clarity of its arguments it stands alone among Adorno's writings on music. At the book's core are illuminating studies of the founders of modern music: Mahler, Schoenberg and Berg, as well as sympathetic rediscoveries of Alexander Zemlinsky and Franz Schreker. Especially significant is Adorno's "dialectical portrait" of Stravinsky in which he both reconsiders and refines the damning indictment he gave in Philosophy on Modern Music. In 'Vers une musique informelle', an influential essay, he plots a course for a music of the future 'which takes up the challenge of an unrevised, unrestricted freedom'. More unexpectedly, there are moving accounts of earlier works, including Bizet's Carmen and Weber's Der Freischutz, along with an entertainingly caustic "Natural History of the Theatre." Which explores the hierarchies of the auditorium, from upper circle to foyer. 'The positive element of kitsch', Adorno remarks, 'lies in the fact that it sets free for a moment the glimmering realization that you have wasted your life.' Musical kitsch is the target of several of the shorter pieces: on Gounod's Ave Maria or Tchaikovsky's 'clumsy naivety'; on the 'Penny Serenade' of the transformation of Mozart into chocolate-box rococo. Yet even while Adorno demolishes 'commodity music' he is sustained by the conviction that music is supremely human because it retains the capacity to speak of inhumanity and to resist it. It is a conviction which reverberates throughout these writings. For Adorno, music and philosophy were inextricably linked: Quasi una Fantasia will enlarge our understanding of both.
=534  \\$aOriginally published in 1963
=648  \0$a20th Century (1901-2000)$1http://www.wikidata.org/entity/Q6927$920936
=650  \0$aMusic philosophy and aesthetics$1http://www.wikidata.org/entity/Q2092865$921165
=650  \0$aAvant-garde$1http://www.wikidata.org/entity/Q102932$921178
=651  \0$aGermany$1http://www.wikidata.org/entity/Q183$9155
=700  \\$4trl$aLivingstone, Rodney$919828
=942  \\$cBOO
=952  \\$00$10$2ddc$40$6AES_ADOR$70$8AES$918573$aORPH$bORPH$cKTS0$d1998-01-01$g63.00$l1$oAES ADOR$p20131608$r2022-03-31 00:00:00$s2021-03-12$w2021-01-12$yBOO
=999  \\$d18516

