=LDR  01260aam a2200253   4500
=001  18521
=005  20250121142132.0
=008  160821s1925\\\\\\\\\\\\\\\\\\\\\\0\fre
=041  \\$afre
=100  \\$aMarliave, Joseph de$4aut$919831
=245  \\$aLes Quatuors de Beethoven
=260  \\$aParis$bAlcan$c1925
=300  \\$a408 pages
=520  \\$aLes premiers quatuors, les quatuors de la deuxième époque, les derniers quatuors. Avec une introduction et des notes par Jean Escarra. Préface de Gabriel Fauré.
=600  \0$aBeethoven, Ludwig van$d1770-1827$1http://www.wikidata.org/entity/Q255$95335
=648  \0$a18th Century (1701-1800)$1http://www.wikidata.org/entity/Q7015$920899
=648  \0$a19th Century (1801-1900)$1http://www.wikidata.org/entity/Q6955$920935
=650  \0$aString quartet$1http://www.wikidata.org/entity/Q207338$94110
=650  \0$aMusical analysis$1http://www.wikidata.org/entity/Q1544924$92775
=651  \0$aVienna (Austria)$1http://www.wikidata.org/entity/Q1741$920937
=700  \\$aFauré, Gabriel$d1845-1924$1http://www.wikidata.org/entity/Q104919$4win$917990
=942  \\$cBOO
=952  \\$00$10$2ddc$40$6BIO_BEET_E$70$8BIO$918578$aORPH$bORPH$cKTS1_P$d2021-10-19$oBIO BEET e$p20129623$r2021-01-12 00:00:00$w2021-01-12$yBOO
=999  \\$d18521

