=LDR  04803aam a2200217   4500
=001  18536
=005  20250120120049.0
=008  121011s2012\\\\\\\\\\\\\\\\\\\\\\0\f
=020  \\$a9789058677921
=041  \\$af
=041  \\$ae
=100  \\$aLyotard, Jean-François$d1924-1998$4aut$916628
=245  \\$aQue peindre?: Adami, Arakawa, Buren / What to Paint?: Adami, Arakawa, Buren
=260  \\$aLeuven$bLeuven University Press$c2012
=300  \\$a512
=520  \\$aCe recueil est constitué de sept écrits rassemblés dans le contexte de la « philosophie de l'art » que Jean-François Lyotard a construite dans les années quatre-vingts, à l'époque du Différend (1983) et du « tournant kantien » aboutissant aux Leçons sur l'Analytique du sublime (1992). Les textes focalisent sur trois artistes d'une orientation esthétique bien divergente : le dessinateur coloriste Valerio Adami, le conceptualisateur-métaphysicien Shusaku Arakawa, le pragmaticien de l'invisible Daniel Buren. Ces trois protagonistes ont en commun de montrer que l'intérêt artistique n'est pas dans la simple dénotation d'un référentiel, mais dans les connotations de nuances matérielles, les saveurs, les tons, en un mot : le visuel, à peine dévoilé dans l'anamnèse guidant le visible et provoquant l'inquiétude essentielle de l'expérience esthétique. Que peindre ? : Ni la réalité ou un « monde » ni une riche subjectivité ni même les fantasmes du rêve ou les idéaux de l'être-ensemble, mais l'acte de peindre lui-même, et, au-delà de la performance du peintre, la présence des matières, qui de toute évidence, est blank, selon un mot d'Arakawa, insaisissable.

--------------

Jean-François Lyotard est très connu et plus particulièrement pour ses opinions sur la réflexion postmoderniste et son impact sur la société. Le langage philosophique spécifique de Lyotard reflète l'utilisation du langage d'une part et l'utilisation volontaire d'un style subtile en vue d'aborder des thèmes contemporains éthiques et spécifiques d'autre part. Ses essais, ses réflexions et ses impressions sur les artistes contemporains représentent une partie particulièrement intéressante de son ?uvre.

La série Jean-François Lyotard : Ecrits sur l'art contemporain et les artistes / Writings on Contemporary Art and Artists est constituée de sept volumes offrant une collection complète des écrits de Lyotard concernant l'art contemporain et les artistes, dont certains n'ont fait l'objet d'une publication qu'en allemand, en français ou en anglais. D'autres écrits, issus des archives personnelles de Lyotard, sont ici publiés pour la première fois. Les cinq volumes de Leuven comprennent les textes français originaux accompagnés d'une traduction anglaise en vis-à-vis. Cette présentation côte à côte des textes français et de leur traduction anglaise permettra d'initier un vaste public anglophone à la manière intrigante que Lyotard utilise pour approcher les artistes et leur travail. Les textes sont accompagnés d'illustrations des ?uvres abordées. Les préfaces de tous les volumes sont écrites par H. Parrett et leurs épilogues par un autre expert de Lyotard.

----------------


Jean-François Lyotard is well-known especially for his views on postmodern thinking and its impact on society. Lyotard's anguage-specific philosophy both refl ects on the use of language and uses a consciously subtle style to approach contemporary ethical and aesthetic themes. His essays, reflections and impressions on contemporary artists represent a particularly interesting part of his work.

The series Jean-François Lyotard: Ecrits sur l'art contemporain et les artistes / Writings on Contemporary Art and Artists consists of seven volumes that offer a complete collection of all the writings by Lyotard concerning contemporary art and artists, some of which have been published only in German, French or English. Others, from Lyotard's personal archive, are being published here for the first time. Leuven's six volumes include the complete original French texts along with English translations on facing pages. The parallel presentation of both the French text and the English translation will introduce a wide English-speaking public to the intriguing manner in which Lyotard approached the artists and their work. Illustrations of the works discussed accompany the texts. All volumes include an introduction by Herman Parret and an epilogue by another Lyotard expert.
=546  \\$aF / E
=490  \\$aEcrits sur l'art contemporain et les artistes / Writings on Contemporary Art and Artists$v5
=942  \\$cBOO
=952  \\$00$10$2ddc$40$6PHI_LYOT_A$70$8PHI$918593$aORPH$bORPH$cKM12_3_2$d2021-08-17$g59.00$oPHI LYOT a$p20133844$r2021-01-12 00:00:00$w2021-01-12$yBOO
=999  \\$c18536$d18536

