=LDR  01423aam a2200253   4500
=001  18546
=008  190115s1960\\\\\\\gh\\\\\\\\\\\\\0\ger\d
=041  \\$ager
=100  \\$aPetermann, Kurt$d1930-1984$1http://www.wikidata.org/entity/Q55949975$4aut$919841
=245  \\$aDas quodlibet - eine Volksliedquelle?$bStudien zum Quodlibet des 16. Jahrhunderts in Deutschland
=260  \\$aLeipzig$bKarl-Marx-Universität$c1960
=300  \\$a287 pages
=590  \\$aInauguraldissertation genehmigt von der Philosophischen Fakultät der Karl-Marx-Universität Leizpig. März 1960  - Angenommen ... auf Grund der Gutachten der Herren Besseler und Wolf. Dezember 1960
=648  \0$a16th Century (1501-1600)$1http://www.wikidata.org/entity/Q7017$920944
=648  \0$a17th Century (1601-1700)$1http://www.wikidata.org/entity/Q7016$920923
=650  \0$aMedley$1http://www.wikidata.org/entity/Q1243912$922927
=650  \0$aVocal music$1http://www.wikidata.org/entity/Q685884$93319
=650  \0$aFolk music$1http://www.wikidata.org/entity/Q43343$921594
=650  \0$aSong$1http://www.wikidata.org/entity/Q7366$94164
=650  \0$aMusic history$1http://www.wikidata.org/entity/Q846047$921373
=651  \0$aGermany$1http://www.wikidata.org/entity/Q183$9155
=942  \\$cDIS
=952  \\$00$10$2ddc$40$6TOP_DE_4_000000000000000$70$8TOP$918603$aORPH$bORPH$cKTS0$d2025-02-10$l0$oTOP DE 4$p20131017$r2021-01-12 00:00:00$w2021-01-12$yDIS
=999  \\$d18546

