=LDR  01862aam a2200181   4500
=001  18548
=005  20250109133044.0
=008  111122s2001\\\\\\\\\\\\\\\\\\\\\\0\e
=020  \\$a9780199254569
=041  \\$aeng
=100  \\$aIsrael, Jonathan I.$4aut$919843
=245  \\$aRadical enlightenment: Philosophy and the making of modernity 1650-1750
=260  \\$aOxford$bOxford university press$c2001
=300  \\$a810
=520  \\$aIn the wake of the Scientific Revolution, the late seventeenth and eighteenth centuries saw the complete demolition of traditional structures of authority, scientific thought, and belief by the new philosophy and the philosophers, including Voltaire, Diderot, and Rousseau. The Radical Enlightenment played a part in this revolutionary process, which effectively overthrew all justification for monarchy, aristocracy, and ecclesiastical power, as well as man's dominance over woman, theological dominance of education, and slavery. Despite the present day interest in the revolutions of the eighteenth century, the origins and rise of the Radical Enlightenment have received limited scholarly attention. The greatest obstacle to the movement finding its proper place in modern historical writing is its international scope: the Racial Enlightenment was not French, British, German, Italian, Jewish or Dutch, but all of these at the same time.
In this wide-ranging volume, Jonathan Israel offers a novel interpretation of the Radical Enlightenment down to La Mettie and Diderot, two of its key exponents. Particular emphasis is placed on the pivotal role of Spinoza and the widespread underground international philosophical movement known before 1750 as Spinozism.
=942  \\$cBOO
=952  \\$00$10$2ddc$40$6PHI_ISRA_A$70$8PHI$918605$aORPH$bORPH$cKM12_3_2$d2021-08-11$oPHI ISRA a$p20133754$r2021-01-12 00:00:00$w2021-01-12$yBOO
=999  \\$c18548$d18548

