=LDR  01288aam a2200181   4500
=001  18551
=005  20250120120044.0
=008  140619s2004\\\\\\\\\\\\\\\\\\\\\\0\f
=020  \\$a9782746503250
=041  \\$afre
=100  \\$aSerres, Michel$d1930-2019$4aut$1http://www.wikidata.org/entity/Q364456$916516
=245  \\$aRameaux
=260  \\$aParis$bLe pommier$c2004
=300  \\$a204
=520  \\$aDe quoi avons-nous peur, aujourd'hui ? Des nouveautés? De nous laisser piéger par de dures contraintes ? Depuis leur avènement, l'Univers, les vivants et les hommes donnèrent sans cesse naissance à des lois nécessaires et à d'imprévisibles événements. Pour Michel Serres, la nouveauté jaillit cependant du format comme le rameau s'élance de la tige. Faible et inventif, le Fils sort du Père, qui dicte dogmes et lois. Ruvre de réconciliation, Rameaux propose une vivifiante relecture de l'histoire de la pensée où confluent enfin sciences, cultures, arts et religions. Chant de vie et message d'espoir pour les générations futures, ce livre aide à comprendre et à aimer l'inquiétude du présent.
=942  \\$cBOO
=952  \\$00$10$2ddc$40$6PHI_SERR_A$70$8PHI$918608$aORPH$bORPH$cKM12_3_2$d2021-08-18$g8.12$oPHI SERR a$p20133950$r2021-01-12 00:00:00$w2021-01-12$yBOO
=999  \\$c18551$d18551

