=LDR  01092aam a2200217   4500
=001  18552
=005  20250109133044.0
=008  120907s2011\\\\\\\\\\\\\\\\\\\\\\0\f
=020  \\$a9782913734074
=041  \\$af
=041  \\$ae
=100  \\$aLazkano, Ramon$4aut$919848
=245  \\$aRamon Lazkano: La ligne de craie
=260  \\$aChampigny sur Marne$bl'Ensemble 2e2m$c2011
=300  \\$a149
=520  \\$aHow can we get to know the world of a composer today? How can we get to understand what motivates his imagination through the diversity of his works? This eighth book from the collection À la ligne is dedicated to Ramon Lazkano, a Basque composer who was born in 1968.

With a very personal voice and the meticulousness of a miniaturist, Lazkano shows a masterful command of textures and temporality as he develops an ethics of a constantly evolving work.
 

=546  \\$aF / E
=490  \\$aà la ligne$v8
=942  \\$cBOO
=952  \\$00$10$2ddc$40$6BIO_LAZK_B$70$8BIO$918609$aORPH$bORPH$cKTS1_P$d2021-10-19$g10.00$oBIO LAZK b$p20129789$r2021-01-12 00:00:00$w2021-01-12$yBOO
=999  \\$c18552$d18552

