=LDR  01420aam a2200205   4500
=001  18561
=005  20251103124736.0
=008  131014s2009\\\\-ukagd\\\\\\\\\\\\0\eng\d
=041  \\$aeng
=100  \\$aHellaby, Julian$4aut$919854
=245  \\$aReading musical interpretation. Case Studies in Solo Piano Performance
=260  \\$aFarnham$bAshgate Publishing$c2009
=300  \\$a199 pages
=520  \\$aPerformance studies in the Western art music tradition have often been dominated by the relationship of theoretical score-analysis to performance, although some recent trends have aimed at dislodging the primacy of the score in favour of assessing performance on its own terms. In this book, Julian Hellaby further develops these trends by placing performance firmly at the heart of his investigations and presents a structured approach to analysing the interpretation of a musical work from the perspective of a musically informed listener. A CD of the author's own recordings of the three focal works is included.
=650  \0$1http://www.wikidata.org/entity/Q5994$aPiano$92127
=650  \0$1http://www.wikidata.org/entity/Q1668139$aMusical interpretation$94533
=650  \0$1http://www.wikidata.org/entity/Q52954$aKeyboard instrument$92849
=942  \\$cBOO
=952  \\$00$10$2ddc$40$6INS_3_000000000000000_3D$70$8INS$918618$aORPH$bORPH$cKTS0$d2023-09-22$l0$oINS3.3d$p20130637$r2021-01-12 00:00:00$w2021-01-12$yBOO
=999  \\$d18561

