=LDR  00520aam a2200157   4500
=001  18564
=005  20230123105004.0
=008  170216s1938\\\\\\\\\\\\\\\\\\\\\\0\f/e
=041  \\$af/e
=100  \\$aNoël, L.$4aut$919855
=245  \\$aLe réalisme immédiat
=260  \\$aLouvain$bEditions de l'institut supérieur de philosophie$c1938
=300  \\$a298
=942  \\$cBOO
=952  \\$00$10$2ddc$40$6PHI_NOEL_A$70$8PHI$918621$aORPH$bORPH$cKM12_3_2$d2021-08-17$oPHI NOEL a$p20133857$r2021-01-12 00:00:00$w2021-01-12$yBOO
=999  \\$c18564$d18564

