=LDR  00554aam a2200169   4500
=001  18568
=005  20230123105005.0
=008  131105s2012\\\\\\\\\\\\\\\\\\\\\\0\n
=020  \\$a9789085423157
=041  \\$adut
=100  \\$aDe Ridder, Matthijs$4aut$919858
=245  \\$aRebelse ritmes: Hoe jazz & literatuur elkaar vonden
=260  \\$aAntwerpen$bDe Bezige Bij$c2012
=300  \\$a373
=942  \\$cBOO
=952  \\$00$10$2ddc$40$6LIT_DERI_A$70$8LIT$918625$aORPH$bORPH$cKM12_2_H$d2021-08-30$oLIT DERI a$p20131332$r2021-01-12 00:00:00$w2021-01-12$yBOO
=999  \\$c18568$d18568

