=LDR  01804aam a2200181   4500
=001  18574
=005  20230123105005.0
=008  180219s2010\\\\\\\\\\\\\\\\\\\\\\0\fre
=020  \\$a9782915794519
=041  \\$afre
=100  \\$4edt$aDautrey, Jehanne$919862
=245  \\$aLa recherche en art(s)
=260  \\$bEditions MF$c2010
=300  \\$a349 pages
=520  \\$aQuest-ce que la recherche pour un artiste aujourdhui ? Quest-ce qui singularise la « recherche en art(s) » ? En quoi nest-elle ni simplement recherche sur lart, ni recherche de lart, participant pourtant de lune et de lautre ? En quoi cette recherche croise-t-elle dautres communautés de chercheurs, en particulier les scientifiques ?

Ce livre se propose de montrer comment ces questions, qui sinscrivent dans le cadre des réformes en cours de lenseignement supérieur relevant du ministère de la culture, ont une pertinence plus large : non seulement elles opèrent au sein des différents champs de la création (musique, danse, théâtre, architecture, arts plastiques, design), nourrissant des expériences multiples, mais elles renouvellent aussi la représentation que lon se fait des partages entre pensée théorique (en esthétique, en science&) et activité artistique.

Sous la direction de Jehanne Dautrey, avec les contributions de :
Ruedi Baur, Luc Bergeron, Cyril Béros, Philippe Boudon, Nicolas Bouleau, Henri Bresler, Jehanne Dautrey, Aurore Després, Anne-Sophie Destribats, Nicolas Donin, Benoît Lambert, Philippe Le Moal, Eric Lengereau, Jean-Marc Lévy-Leblond, Yan Maresz, Constance Rubini, Bernhard Rüdiger, Marco Stroppa, Yann Toma
=942  \\$cBOO
=952  \\$00$10$2ddc$40$6MTP_3_000000000000000_DAUT$70$8MTP$918631$aORPH$bORPH$cKM12_1$d2021-08-30$oMTP3 DAUT$p20134053$r2021-01-12 00:00:00$w2021-01-12$yBOO
=999  \\$d18574

