=LDR  00806aam a2200241   4500
=001  18577
=005  20230123105007.0
=008  130423s1996\\\\\\\\\\\\\\\\\\\\\\0\dut
=020  \\$a9055831891
=041  \\$adut
=100  \\$4aut$aDenef, A.$919864
=100  \\$4aut$aDewallens, F.$919865
=100  \\$4aut$aDubois, D.$919866
=100  \\$4aut$aPiers, M.$919867
=100  \\$4aut$aTaghon, C.$919868
=100  \\$4aut$aVan Der Stock, R.$919869
=100  \\$4aut$aVan Hecke, R.$919870
=100  \\$4aut$aVan Winckel, A.$919871
=245  \\$aRechtscompendium V.Z.W. en V.S.O. 2 (1.80-1.120)
=260  \\$aDiegem$bKluwer$c1996
=942  \\$cBOO
=952  \\$00$10$2ddc$40$6REF_2_000000000000000_DENE$70$8REF$918634$aORPH$bORPH$cKM12_1$d2021-08-23$oREF2 DENE$p20131202$r2021-01-12 00:00:00$w2021-01-12$yBOO
=999  \\$d18577

