=LDR  02672aam a2200229   4500
=001  18583
=005  20250120120917.0
=008  140226s2013\\\\\\\\\\\\\\\\\\\\\\0\eng
=020  \\$a9780415692342
=041  \\$aeng
=245  \\$aReconceptualising Feedback in Higher Education:$bDeveloping dialogue with students
=260  \\$aAbingdon, Oxon$bRoutledge$c2013
=300  \\$a217 pages
=520  \\$aFeedback is a crucial element of teaching, learning and assessment. There is, however, substantial evidence that staff and students are dissatisfied with it, and there is growing impetus for change.

Student Surveys have indicated that feedback is one of the most problematic aspects of the student experience, and so particularly in need of further scrutiny. Current practices waste both student learning potential and staff resources. Up until now the ways of addressing these problems has been through relatively minor interventions based on the established model of feedback providing information, but the change that is required is more fundamental and far reaching.

Reconceptualising Feedback in Higher Education, coming from a think-tank composed of specialist expertise in assessment feedback, is a direct and more fundamental response to the impetus for change. Its purpose is to challenge established beliefs and practices through critical evaluation of evidence and discussion of the renewal of current feedback practices. In promoting a new conceptualisation and a repositioning of assessment feedback within an enhanced and more coherent paradigm of student learning, this book:

" analyses the current issues in feedback practice and their implications for student learning.

" identifies the key characteristics of effective feedback practices

" explores the changes needed to feedback practice and how they can be brought about

" illustrates through examples how processes to promote and sustain effective feedback practices can be embedded in modern mass higher education.

Provoking academics to think afresh about the way they conceptualise and utilise feedback, this book will help those with responsibility for strategic development of assessment at an institutional level, educational developers, course management teams, researchers, tutors and student representatives.
=650  \0$aEducation$926206
=700  \\$4edt$aMerry, Stephen$919872
=700  \\$4edt$aPrice, Margaret$919873
=700  \\$4edt$aCarless, David$919874
=700  \\$4edt$aTaras, Maddalena$919875
=942  \\$cBOO
=952  \\$00$10$2ddc$40$6MTP_4_000000000000000_MERR$70$8MTP$918640$aORPH$bORPH$cKM12_1$d2021-08-30$oMTP4 MERR$p20134049$r2021-01-12 00:00:00$w2021-01-12$yBOO
=999  \\$d18583

