=LDR  02497aam a2200217   4500
=001  18587
=005  20251001162313.0
=008  120104s2008\\\\\\\\\\\\\\\\\\\\\\0\eng\d
=020  \\$a9781904750277
=041  \\$aeng
=100  \\$4edt$4win$aDoğantan-Dack, Mine$919881
=245  \\$aRecorded Music:$bPhilosophical and Critical Reflections
=260  \\$aLondon$bMiddlesex University$c2008
=300  \\$a374 pages
=520  \\$aIn recent musicology, performances rather than musical scores have come to be regarded as the foundation of music. Recordings preserve performances, thus allowing researchers to scrutinise them in detail through repeated hearings, and are rapidly becoming the object of academic study. 
Recorded Music: Philosophical and Critical Reflections brings together a collection of international experts to explore philosophical and critical issues surrounding music recordings. Edited by the Chair of the Music Research Group at Middlesex University, Dr Mine Doðantan-Dack, the book addresses questions relating to temporality, recorded time, spatiality, musical reality, intertextuality and more. 

Whilst a number of books to date have documented the changing performance styles and the impact of technology on performance traditions through study of recordings, Recorded Music: Philosophical and Critical Reflections is the first to address philosophical and critical questions pertaining to recordings in the form of an anthology. The book brings together the perspectives of practising musicians, musicologists, sound artists, and recording engineers on the philosophical and critical issues related to their work in the context of making and using recordings. Fully illustrated with musical examples, this book will appeal to musicologists, ethnomusicologists and practising musicians involved in Western art music, jazz, popular music and world music, as well as being of interest to sound artists and recording engineers. 

The companion CD includes excerpts from the original works discussed by the contributing practitioners of music, and an original studio performance by the editor.
=650  \0$aMusic philosophy and aesthetics$1http://www.wikidata.org/entity/Q2092865$921165
=650  \0$aPerformance$926223
=650  \0$aTechnology$1http://www.wikidata.org/entity/Q11016$921633
=942  \\$cBOO
=952  \\$00$10$2ddc$3CD : 1$40$6AES_DOGA$70$8AES$918644$aORPH$bORPH$cKM12_1$d2022-06-08$l1$oAES DOGA$p20139093$r2022-06-08 00:00:00$s2021-03-12$w2021-01-12$yBOO
=999  \\$d18587

