=LDR  01915aam a2200301   4500
=001  18593
=005  20250120120224.0
=008  170112m18411842\\\\\\\\\\\\\\\\\\0\fre\d
=041  \\$afre
=100  \\$aLincy, Leroux de$d1806-1869$1http://www.wikidata.org/entity/Q586624$4aut$919891
=245  \\$aRecueil de chants historiques français depuis le XIIe jusqu'au XVIIIe siècle$n2/2$pPremière Série: XIIe, XIIIe, XIVe et XVe Siècles$pDeuxième Série: XVIe Siècle
=260  \\$aParis$bLibrairie de Charles Gosselin$c1841$c1842
=300  \\$a2 vols. ([iv]-xlvii-416+[iv]-xii-617 pages)$bcardboard binding, leather spine, marbled cover and endpapers
=500  \\$ade Lincy was a French librarian, romanist and medievalist. 
=561  \\$aEx libris Bibliotheka Nebularum (Plate)
=561  \\$aEx libris Bibliothèque de M. René Amédée Choppin De Villy (Plate)
=590  \\$aAvec des Notices et une Introduction par Leroux De Lincy, ancien élève pensionnaire à l'école Royale des Chartes
=648  \0$a19th Century (1801-1900)$1http://www.wikidata.org/entity/Q6955$920935
=650  \0$aMusic history$1http://www.wikidata.org/entity/Q846047$921373
=650  \0$aSong$1http://www.wikidata.org/entity/Q7366$94164
=650  \0$aPoetry$1http://www.wikidata.org/entity/Q482$93026
=651  \0$aFrance$1http://www.wikidata.org/entity/Q142$9131
=856  \\$uhttps://gallica.bnf.fr/ark:/12148/bpt6k6330061f.texteImage$3Première Série
=856  \\$uhttps://books.google.co.ma/books?id=wH9oHujj60UC$3Deuxième Série
=942  \\$cBOO
=952  \\$00$10$2ddc$3Première Série$40$6KTS_1_000000000000000_H_06_028$70$8RAR$918650$aORPH$bORPH$cKTS1_H$l0$oKTS1 H.06.028$p20143586$r2021-01-12 00:00:00$w2021-01-12$yBOO
=952  \\$00$10$2ddc$3Deuxième Série$40$6KTS_1_000000000000000_H_06_029$70$8RAR$923377$aORPH$bORPH$cKTS1_H$d2024-06-18$l0$oKTS1 H.06.029$p20146685$r2024-06-18 00:00:00$w2021-01-12$yBOO
=999  \\$d18593

