=LDR  02002aam a2200169   4500
=001  18597
=005  20250109133044.0
=008  150521s1944\\\\\\\\\\\\\\\\\\\\\\0\d
=041  \\$ager
=100  \\$aFichte, Johann Gottlieb$d1762-1814$4aut$1http://www.wikidata.org/entity/Q102585$919895
=245  \\$aReden an die Deutsche nation
=260  \\$aLeipzig$bFelix Meiner Verlag$c1944
=300  \\$a253
=520  \\$aDie Reden an die deutsche Nation (EA Berlin 1808) ist die wirkmächtigste und wohl bekannteste Schrift des Philosophen Johann Gottlieb Fichte. Sie basiert auf Vorlesungen, die Fichte ab dem 13. Dezember 1807 in Berlin zur Zeit der französischen Besetzung gehalten hatte und sind als eine Fortsetzung der Grundzüge des gegenwärtigen Zeitalters zu betrachten.

Die Reden versuchen, ein Nationalgefühl zu wecken und zielen auf die Gründung eines deutschen Nationalstaates, der die Nachfolge des erloschenen Heiligen Römischen Reiches antreten und sich von der französischen Herrschaft emanzipieren sollte. Allein die Deutschen hätten demnach eine reine Sprache, die sie zu tiefen und gründlichen Überlegungen befähige. Er fordert eine außenpolitisch autarke Handelspolitik sowie allgemeine Wehrpflicht, sowie eine Nationalerziehung, welche die Freiheit des Willens gänzlich vernichtet, um den Einzelnen in ihrem Sinne zu formen.

Sie wurden in der Folge beinahe von jeder Ideologie eines Nationalismus imitiert, weswegen sie auch in Verruf geraten sind, wobei indes der philosophische Gehalt oft weniger berücksichtigt wurde. Im Wesentlichen besteht er in einem Essentialismus, und zwar hinsichtlich des angeblich deutschen Wesens". Trotz ihrer ehedem weiten Verbreitung wurden sie selten gelesen und noch weniger verstanden, nicht zuletzt wegen der barocken Sprache und der metaphysischen Begriffsbildung Fichtes.
=942  \\$cBOO
=952  \\$00$10$2ddc$40$6PHI_FICH_A$70$8PHI$918654$aORPH$bORPH$cKM12_3_2$d2021-08-09$oPHI FICH a$p20133280$r2021-01-12 00:00:00$w2021-01-12$yBOO
=999  \\$c18597$d18597

