=LDR  00923aam a2200205   4500
=001  18604
=005  20230123111029.0
=008  111129s2009\\\\\\\\\\\\\\\\\\\\\\0\eng
=020  \\$a9780230574793
=041  \\$aeng
=245  \\$aReferencing & understanding plagiarism
=260  \\$aHampshire$bPalgrave Macmillan$c2009
=300  \\$a112 pages
=490  \\$aPocket Study Skills
=520  \\$aThis guide explains why referencing is an essential part of good writing, and shows how to do it. It explains what plagiarism is and how to avoid it. With clear explanations and examples, this handy easy-to-read guide has engaging illustrations and an informal style.
=700  \\$4aut$aWilliams, Kate$917583
=700  \\$4aut$aCarroll, Jude$919902
=942  \\$cBOO
=952  \\$00$10$2ddc$40$6REF_2_000000000000000_WILL$70$8REF$918661$aORPH$bORPH$cKM12_1$d2021-08-24$g5.00$oREF2 WILL$p20131169$r2021-01-12 00:00:00$w2021-01-12$yBOO
=999  \\$d18604

