=LDR  02210aam a2200265   4500
=001  18605
=005  20250121142132.0
=008  190226s2018\\\\\\\a\\\\\m\\\\\\\\0\eng
=041  \\$aeng
=100  \\$aBlin, Gilbert$4aut$99658
=245  \\$aThe Reflections of Memory: $bAn Account of a Cognitive Approach to Historically Informed Staging
=260  \\$aLeiden$c2018
=300  \\$a526 pages
=500  \\$aProefschrift ter verkrijging van de graad van Doctor aan de Universiteit Leiden op gezag van de Rector Magnificus prof. mr. C.J.J.M. Stolker, volgens besluit van het College voor promoties te verdedigen op 12 december 2018.


=520  \\$aThe research is dedicated to Gilbert Blins work in staging operas of the seventeenth and eighteenth centuries. Nourished by a decade of productions for the Boston Early Music Festival, the first objective of his dissertation is to enable a better understanding of both his creative and interpretive processes in the operatic field. The main research question he attempts to answer in his dissertation can be phrased as follows: how can a post-modern stage director use historical research for creative purposes? The title of this dissertation, The Reflections of Memory, is the appellation Gilbert Blin has been giving to his current approach as an artist and constitutes a conceptual answer to this question.
=610  \0$aBoston Early Music Festival (USA)$1http://www.wikidata.org/entity/Q4095059$923227
=648  \0$a17th Century (1601-1700)$1http://www.wikidata.org/entity/Q7016$920923
=648  \0$a18th Century (1701-1800)$1http://www.wikidata.org/entity/Q7015$920899
=650  \0$aOpera$1http://www.wikidata.org/entity/Q1344$92468
=650  \0$aStaging$1http://www.wikidata.org/entity/Q3508687$922118
=650  \0$aHistorically informed performance$1http://www.wikidata.org/entity/Q1344860$920980
=942  \\$cDIS
=952  \\$00$10$2ddc$40$6MTP_2_000000000000000_BLIN$70$8MTP$96040$aORPH$bORPH$cKM12_1$d2020-07-08$eKoopman$i47G27$oMTP2 BLIN$p20121522$r2021-01-12 00:00:00$w2021-01-12$yBOO
=952  \\$00$10$2ddc$40$6MTP_5_000000000000000_BLIN$70$8MTP$918662$aORPH$bORPH$cKM12_1$d2021-08-30$oMTP5 BLIN$p20130551$r2021-01-12 00:00:00$w2021-01-12$yDIS
=999  \\$d18605

