=LDR  01453aam a2200229   4500
=001  18606
=005  20251103124736.0
=008  150608s2011\\\\\\\ag\\\\\\\\\\\\\0\eng\d
=020  \\$a9780253223166
=041  \\$aeng
=100  \\$aTreitler, Leo$d1931-$4aut$1http://www.wikidata.org/entity/Q6524285$914289
=245  \\$aReflections on Musical Meaning and its Representations
=260  \\$aBloomington$bIndiana University Press$c2011
=300  \\$a317 pages
=490  \\$aMusical Meaning and Interpretation
=520  \\$aHow is it possible to talk or write about music? What is the link between graphic signs and music? What makes music meaningful? In this book, distinguished scholar Leo Treitler explores the relationships among language, musical notation, performance, compositional practice, and patterns of culture in the presentation and representation of music. Treitler engages a wide variety of historical sources to discuss works from medieval plainchant to Bergs opera Lulu and a range of music in between.
=650  \0$aMusic philosophy and aesthetics$1http://www.wikidata.org/entity/Q2092865$921165
=650  \0$aMusic history$1http://www.wikidata.org/entity/Q846047$921373
=650  \0$aMusical interpretation$1http://www.wikidata.org/entity/Q1668139$94533
=942  \\$cBOO
=952  \\$00$10$2ddc$40$6AES_TREI$70$8AES$918663$aORPH$bORPH$cKM12_1$d2015-06-08$g32.40$l0$oAES TREI$p20143849$r2021-01-12 00:00:00$w2021-01-12$yBOO$Vamazon.de
=999  \\$d18606

