=LDR  01263aam a2200181   4500
=001  18608
=005  20230123111030.0
=008  120705s1983\\\\\\\\\\\\\\\\\\\\\\0\eng
=020  \\$a9780465068784
=041  \\$aeng
=100  \\$aSchön, Donald A.$4aut$919906
=245  \\$aThe Reflective Practitioner:$bHow Professionals Think in Action
=260  \\$as.l.$bBasic Books$c1983
=300  \\$a374 pages
=520  \\$aA leading M.I.T. social scientist and consultant examines five professionsengineering, architecture, management, psychotherapy, and town planningto show how professionals really go about solving problems.The best professionals, Donald Schön maintains, know more than they can put into words. To meet the challenges of their work, they rely less on formulas learned in graduate school than on the kind of improvisation learned in practice. This unarticulated, largely unexamined process is the subject of Schöns provocatively original book, an effort to show precisely how reflection-in-action works and how this vital creativity might be fostered in future professionals.
=942  \\$cBOO
=952  \\$00$10$2ddc$40$6PHI_SCHO_A$70$8PHI$918665$aORPH$bORPH$cKM12_3_2$d2021-08-30$l1$oPHI SCHO a$p20134048$r2021-05-03 00:00:00$s2021-03-12$w2021-01-12$yBOO
=999  \\$d18608

