=LDR  01149aam a2200229   4500
=001  18619
=005  20250925143305.0
=008  170124s1909\\\\\\\\\\\\\\\\\\\\\\0\n
=041  \\$adut
=100  \\$4aut$aVerhulst, Raf$d1866-1941$1http://www.wikidata.org/entity/Q1796639$919914
=245  \\$aReinaert de Vos:$bhet epos van den middeleeuwschen vrijheidsgeest. Zangspel in drie bedrijven
=260  \\$aAntwerp$bJanssens$c1909
=300  \\$a45 pages
=600  \0$aDe Boeck, Auguste$d1865-1937$1http://www.wikidata.org/entity/Q705971$919915
=610  \0$aOpera Ballet Vlaanderen (Ghent and Antwerp, Belgium)$1http://www.wikidata.org/entity/Q2500784$921505
=648  \0$a20th Century (1901-2000)$1http://www.wikidata.org/entity/Q6927$920936
=650  \0$aOpera$1http://www.wikidata.org/entity/Q1344$92468
=650  \0$aLibretto$1http://www.wikidata.org/entity/Q131084$94031
=651  \0$aFlanders (Belgium)$1http://www.wikidata.org/entity/Q234$989
=942  \\$cBOO
=952  \\$00$10$2ddc$40$6KTS_1_000000000000000_C3_15_21$70$8RAR$918676$aORPH$bORPH$cKTS1_C3$d2021-09-08$g20.00$oKTS1 C3.15 (21)$p20136413$r2021-01-12 00:00:00$w2021-01-12$yBOO
=999  \\$c18619$d18619

