=LDR  01801aam a2200181   4500
=001  18622
=005  20250109133044.0
=008  120906s2009\\\\\\\\\\\\\\\\\\\\\\0\eng
=041  \\$aeng
=100  \\$aWentz, Jed$4aut$919917
=245  \\$aThe relationship between gesture, affect and rhythmic freedom in the performance of French tragic opera from Lully to Rameau
=260  \\$aLeiden$bFaculty of the Humanities$c2009
=300  \\$a251 pages
=500  \\$aProefschrift ter verkrijging van de graad van Doctor aan de Universiteit Leiden op gezag van de Rector Magnificus prof. mr. P.F. van der Heijden, volgens besluit van het College voor promoties te verdedigen op 9 december 2010.
=520  \\$aWhat was the link, at the Académie royale de musique, between non-musical aspects of period stage craft (such as facial expressions, attitudes and gesture) and rhythmic freedoms in the performance of the music itself? This thesis explores the relationship between contemporary acting techniques and musical freedoms in the performance of the tragédie en musique. By examining acting and rhetorical sources the researcher has attempted to recreate a language of gesture suitable for experimentation in operatic scenes from the genre. Medical sources were consulted in order to understand the broader context of affect and the body within which gesture and musical performance were situated. The researcher proposes that the performances at the Paris opera were far from static representations of the notes on the page, but rather an exciting synthesis of word, music and gesture that strongly stirred the hearts of the listeners.
=942  \\$cDIS
=952  \\$00$10$2ddc$40$6MTP_5_000000000000000_WENT$70$8MTP$918679$aORPH$bORPH$cKM12_1$d2021-08-31$oMTP5 WENT$p20131406$r2021-01-12 00:00:00$w2021-01-12$yDIS
=999  \\$d18622

