=LDR  00493aam a2200157   4500
=001  18627
=005  20250109133044.0
=008  140626s1945\\\\\\\\\\\\\\\\\\\\\\0\f
=041  \\$af
=100  \\$aBenois, Alexandre$4aut$919919
=245  \\$aReminiscences of the Russian ballet
=260  \\$aLondon$bPutnam$c1945
=300  \\$a414
=942  \\$cBOO
=952  \\$00$10$2ddc$40$6BIO_BENOI_A$70$8BIO$918684$aORPH$bORPH$cKTS1_P$d2022-06-24$oBIO BENOI a$p2013234$r2021-01-12 00:00:00$w2021-01-12$yBOO
=999  \\$c18627$d18627

