=LDR  01566aam a2200253   4500
=001  18629
=005  20250120120038.0
=008  120203s1998\\\\\\\\\\\\\\\\\\\\\\0\eng
=020  \\$a9780393966961
=041  \\$aeng
=100  \\$aStrunk, Oliver$d1901-1980$1http://www.wikidata.org/entity/Q1266266$4edt$920308
=245  \\$aThe Renaissance
=250  \\$aRev. ed.
=260  \\$aNew York$bNorton$c1998
=300  \\$a239 pages
=490  \\$aStrunk's Source Readings in Music History$v3
=520  \\$aWriters of the time explored its links with grammar and rhetoric, reported on the music of non-European peoples, and debated the role of music in religious and other spheres. The forty-five readings chosen for this volume by Gary Tomlinson cover a gamut that includes composers, theorists, poets, philosophers, courtiers, scholars, kings, and popes. Through the eyes of Bembo and Byrd, Du fay and Erasmus, Peacham and Palestrina, Charles IX and Gregory XIII, Calvin and Castiglione, Aaron, Tinctoris, Morley, and Zarlino, we see the many worlds of music in the Renaissance.
=648  \0$aRenaissance (1400-1600)$1http://www.wikidata.org/entity/Q4692$920965
=650  \0$aMusic history$1http://www.wikidata.org/entity/Q846047$921373
=650  \0$aMusic theory$1http://www.wikidata.org/entity/Q193544$92662
=700  \\$aTomlinson, Gary$1http://www.wikidata.org/entity/Q5526068$4edt$d1931-$919920
=942  \\$cBOO
=952  \\$00$10$2ddc$40$6GHM_0_000000000000000$70$8GHM$918686$aORPH$bORPH$cKM12_1$d2022-05-24$oGHM0$p20130761$r2021-01-12 00:00:00$w2021-01-12$yBOO
=999  \\$d18629

