=LDR  02031aam a2200217   4500
=001  18630
=005  20250109133435.0
=008  120111s2005\\\\\\\\\\\\\\\\\\\\\\0\eng
=020  \\$a9780192803542
=041  \\$aeng
=100  \\$aJohnson, A. Geraldine$4aut$919921
=245  \\$aRenaissance Art:$bA Very Short Introduction
=260  \\$aOxford$bOxford University Press$c2005
=300  \\$a157 pages
=490  \\$aVery Short Introductions$v129
=520  \\$aArtists like Botticelli, Holbein, Leonardo, Durer, and Michelangelo and works such as the Last Supper fresco and the monumental marble statue of David, are familiar symbols of the Renaissance. But who were these artists, why did they produce such memorable images, and how would their original beholders have viewed these objects? Was the Renaissance only about great masters and masterpieces, or were women artists and patrons also involved? And what about the "minor" pieces that Renaissance men and women would have encountered in homes, churches and civic spaces? This Very Short Introduction answers such questions by considering both famous and lesser-known artists, patrons, and works of art within the cultural and historical context of Renaissance Europe. The volume provides a broad cultural and historical context for some of the Renaissance's most famous artists and works of art. It also explores forgotten aspects of Renaissance art, such as objects made for the home and women as artists and patrons. Considering Renaissance art produced in both Northern and Southern Europe, rather than focusing on just one region, the book introduces readers to a variety of approaches to the study of Renaissance art, from social history to formal analysis.
=648  \0$aRenaissance (1400-1600)$1http://www.wikidata.org/entity/Q4692$920965
=650  \0$aFine art$1http://www.wikidata.org/entity/Q219625$921579
=942  \\$cBOO
=952  \\$00$10$2ddc$40$6VIS_JOHN$70$8VIS$918687$aORPH$bORPH$cKTS1_H$d2022-09-19$l0$oVIS JOHN$p2011313$r2021-01-12 00:00:00$w2021-01-12$yBOO
=999  \\$d18630

