=LDR  01935aam a2200217   4500
=001  18631
=005  20250109133406.0
=008  120111s2005\\\\\\\\\\\\\\\\\\\\\\0\eng
=020  \\$a9780192801630
=041  \\$aeng
=100  \\$aBrotton, Jerry$4aut$919922
=245  \\$aThe Renaissance: $bA Very Short Introduction
=260  \\$aOxford$bOxford University Press$c2005
=300  \\$a148 pages
=490  \\$aVery Short Introductions$v148
=520  \\$aMore than ever before, the Renaissance stands out as one of the defining moments in world history. Between 1400 and 1600, European perceptions of society, culture, politics and even humanity itself emerged in ways that continue to affect not only Europe but the entire world.
In this wide-ranging exploration of the Renaissance, Jerry Brotton shows the period as a time of unprecedented intellectual excitement, cultural experimentation, and interaction on a global scale, alongside a darker side of religion, intolerance, slavery, and massive inequality of wealth and status. Brotton skillfully guides us through the key issues that defined the Renaissance period, from its art, architecture, and literature, to advancements in the fields of science, trade, and travel. In its incisive account of the complexities of the political and religious upheavals of the period, the book argues that there are significant parallels between the Renaissance and our own era. This is the first clear and concise account of the Renaissance as a global phenomenon, an important new vision of the Renaissance for the 21st century written by a young Renaissance scholar of a new generation.
=648  \0$aRenaissance (1400-1600)$1http://www.wikidata.org/entity/Q4692$920965
=650  \0$aHistory$1http://www.wikidata.org/entity/Q309$921403
=942  \\$cBOO
=952  \\$00$10$2ddc$40$6HUM_BROT$70$8HUM$918688$aORPH$bORPH$cKM12_1$d2021-12-22$oHUM BROT$p20130588$r2021-01-12 00:00:00$w2021-01-12$yBOO
=999  \\$d18631

