=LDR  03036aam a2200241   4500
=001  18635
=005  20250120120038.0
=008  151124s2010\\\\\\\\\\\\\\\\\\\\\\0\eng
=020  \\$a9781107442573
=041  \\$aeng
=100  \\$aMengozzi, Stefano$4aut$919926
=245  \\$aThe Renaissance Reform of Medieval Music Theory:$bGuido of Arezzo Between Myth and History
=260  \\$aCambridge$bCambridge University Press$c2010
=300  \\$a286 pages
=520  \\$aModern scholars have often portrayed the method of hexachordal solmization - the sight-singing method introduced by the 11th-century monk Guido of Arezzo - as the diatonic foundation of early music. Stefano Mengozzi challenges this view by examining a representative sample of the primary sources of solmization theory from Guido of Arezzo to Gioseffo Zarlino. These texts show that six-syllable solmization was only an option for sight-singing that never imposed its operational 'sixth-ness' onto the diatonic system, already grounded on the seven pitch letters. It was primarily through the agency of several 'classicizing' theorists of the humanist era that the six syllables came to be mistakenly conceived as a fundamental diatonic structure - a 'hexachord' built from the 'tetrachord' of the Ancient Greeks. The book will be of particular interest to readers seeking to deepen their knowledge of medieval and Renaissance musical thought with an eye to major intellectual trends of the time.Modern scholars have often portrayed the method of hexachordal solmization - the sight-singing method introduced by the 11th-century monk Guido of Arezzo - as the diatonic foundation of early music. Stefano Mengozzi challenges this view by examining a representative sample of the primary sources of solmization theory from Guido of Arezzo to Gioseffo Zarlino. These texts show that six-syllable solmization was only an option for sight-singing that never imposed its operational 'sixth-ness' onto the diatonic system, already grounded on the seven pitch letters. It was primarily through the agency of several 'classicizing' theorists of the humanist era that the six syllables came to be mistakenly conceived as a fundamental diatonic structure - a 'hexachord' built from the 'tetrachord' of the Ancient Greeks. The book will be of particular interest to readers seeking to deepen their knowledge of medieval and Renaissance musical thought with an eye to major intellectual trends of the time.
=600  \0$aGuido d'Arezzo$dc. 991-after 1033$1http://www.wikidata.org/entity/Q192238$918703
=648  \0$aMiddle Ages (500-1400)$1http://www.wikidata.org/entity/Q12554$920964
=648  \0$aRenaissance (1400-1600)$1http://www.wikidata.org/entity/Q4692$920965
=650  \0$aSolmization$1http://www.wikidata.org/entity/Q223064$921562
=650  \0$aMusic theory$1http://www.wikidata.org/entity/Q193544$92662
=942  \\$cBOO
=952  \\$00$10$2ddc$40$6BIO_GUID_E$70$8GHM$918692$aORPH$bORPH$cKM12_1$d2021-11-19$g31.00$oBIO GUID e$p20134935$r2021-01-12 00:00:00$w2021-01-12$yBOO
=999  \\$d18635

