=LDR  01983aam a2200265   4500
=001  18638
=005  20250925143305.0
=008  150331s1995\\\\\\\\\\\\\\\\\\\\\\0\eng\d
=020  \\$a9781859840122
=041  \\$aeng
=100  \\$aChanan, Michael$4aut$1http://www.wikidata.org/entity/Q112457717$918901
=245  \\$aRepeated Takes:$bA Short History of Recording and its Effects on Music
=250  \\$a2nd ed.
=260  \\$aLondon$bVerso$c1995
=300  \\$a204 pages
=520  \\$aMichael Chanan considers the record as a radically new type of commodity which turned the intangible performance of music into a saleable object, and describes the upset which this caused in musical culture. He asks: What goes on in a recording studio? How does it affect the music? Do we listen to music differently because of reproduction?

Repeated Takes relates the growth and development of the industry, both technically and economically; the effects of the microphone on interpretation in both classical and popular music; and the impact of all these factors on musical styles and taste. This highly readable book also traces the connections between the development of recording and the rise of new forms of popular music, and discusses arguments among classical musicians about microphone technique and studio practice.
=648  \0$a19th Century (1801-1900)$1http://www.wikidata.org/entity/Q6955$920935
=648  \0$a20th Century (1901-2000)$1http://www.wikidata.org/entity/Q6927$920936
=650  \0$aTechnology$1http://www.wikidata.org/entity/Q11016$921633
=650  \0$aSound recording industry$1http://www.wikidata.org/entity/Q10302058$92246
=650  \0$aMusic history$1http://www.wikidata.org/entity/Q846047$921373
=650  \0$aCuckoo$1http://www.wikidata.org/entity/Q18845$922474
=942  \\$cBOO
=952  \\$00$10$2ddc$40$6SCI_CHAN$70$8SCI$918695$aORPH$bORPH$cKM12_1$d2015-03-30$l2$m1$oSCI CHAN$p20139087$q2025-11-05$r2025-09-10 16:08:42$s2025-09-10$v25.83$w2015-03-30$yBOO
=999  \\$d18638

