=LDR  01906aam a2200253   4500
=001  18639
=005  20251031155217.0
=008  120216s2005\\\\\\\dg\\\\\\\\\\\\\0\eng\d
=020  \\$a0520245504
=041  \\$aeng
=100  \\$aFink, Robert$4aut$919928
=245  \\$aRepeating Ourselves:$bAmerican Minimal Music as Cultural Practice
=260  \\$aBerkeley, CA$bUniversity of California Press$c2005
=300  \\$a296 pages
=520  \\$aWhere did musical minimalism come from-and what does it mean? In this significant revisionist account of minimalist music, Robert Fink connects repetitive music to the postwar evolution of an American mass consumer society. Abandoning the ingrained formalism of minimalist aesthetics, Repeating Ourselves considers the cultural significance of American repetitive music exemplified by composers such as Terry Riley, Steve Reich, and Philip Glass. Fink juxtaposes repetitive minimal music with 1970s disco; assesses it in relation to the selling structure of mass-media advertising campaigns; traces it back to the innovations in hi-fi technology that turned baroque concertos into ambient "easy listening"; and appraises its meditative kinship to the spiritual path of musical mastery offered by Japan's Suzuki Method of Talent Education.
=648  \0$a20th Century (1901-2000)$1http://www.wikidata.org/entity/Q6927$920936
=650  \0$aMinimalist music$1http://www.wikidata.org/entity/Q572901$923040
=650  \0$aMusic history$1http://www.wikidata.org/entity/Q846047$921373
=650  \0$aSocial science$1http://www.wikidata.org/entity/Q34749$93803
=650  \0$aCultural history$1http://www.wikidata.org/entity/Q858517$922395
=651  \0$aUSA$1http://www.wikidata.org/entity/Q30$943
=942  \\$cBOO
=952  \\$00$10$2ddc$40$6TOP_US_7_000000000000000$70$8TOP$918696$aORPH$bORPH$cKTS0$d2022-09-08$l0$oTOP US 7$p20134893$r2021-01-12 00:00:00$w2021-01-12$yBOO
=999  \\$d18639

