=LDR  01007aam a2200217   4500
=001  18640
=005  20250109133416.0
=008  140926i18841886\\\\\\\\\\\\\\\\\\d\fre
=041  \\$afre
=100  \\$aDupont, Alexandre$4edt$919929
=245  \\$aRépertoire dramatique belge
=260  \\$aLiège$bVaillant-Carmanne$c1884; 1885; 1886
=300  \\$a3 vols. (227+224+319 pages)
=648  \0$a19th Century (1801-1900)$1http://www.wikidata.org/entity/Q6955$920935
=650  \0$aPlay (theater)$1http://www.wikidata.org/entity/Q25379$921414
=651  \0$aBelgium$1http://www.wikidata.org/entity/Q31$920881
=942  \\$cBOO
=952  \\$00$10$2ddc$3Tome 1$40$70$8RAR$918697$aORPH$bORPH$cKTS1_H$d2022-01-11$p20112209$r2021-01-12 00:00:00$w2021-01-12$yBOO
=952  \\$00$10$2ddc$3Tome 2$40$70$8RAR$918698$aORPH$bORPH$cKTS1_H$d2022-01-11$p20113434$r2021-01-12 00:00:00$w2021-01-12$yBOO
=952  \\$00$10$2ddc$3Tome 3$40$70$8RAR$918699$aORPH$bORPH$cKTS1_H$d2022-01-11$p20113633$r2021-01-12 00:00:00$w2021-01-12$yBOO
=999  \\$d18640

