=LDR  00945aam a2200181   4500
=001  18643
=005  20230123111033.0
=008  160422s2015\\\\\\\\\\\\\\\\\\\\\\0\eng
=041  \\$aeng
=100  \\$aAgrell, Donna$4aut$919930
=245  \\$aRepertoire for a Swedish Bassoon Virtuoso: $bApproaching early nineteenth-century works composed for Frans Preumayr with an original Grenser & Wiesner bassoon
=260  \\$aLeiden$c2015
=300  \\$a219 pages
=500  \\$aProefschrift ter verkrijging van de graad van Doctor aan de Universiteit Leiden op gezag van Rector Magnificus prof. mr. C.J.J.JM. Stolker, 2015
=942  \\$cDIS
=952  \\$00$10$2ddc$40$6MTP_5_000000000000000_AGRE$70$8MTP$918700$aORPH$bORPH$cKM12_1$d2021-08-30$oMTP5 AGRE$p20131335$r2021-01-12 00:00:00$w2021-01-12$yDIS
=952  \\$00$10$2ddc$40$6MTP_5_000000000000000_AGRE$70$8MTP$918701$aORPH$bORPH$cKM12_1$d2021-08-30$oMTP5 AGRE$p20131336$r2021-01-12 00:00:00$w2021-01-12$yDIS
=999  \\$d18643

