=LDR  00522aam a2200157   4500
=001  18647
=005  20250109133044.0
=008  131126s1995\\\\\\\\\\\\\\\\\\\\\\0\n
=041  \\$adut
=100  \\$aWouters, Luc$4aut$919934
=245  \\$aRepertorium van de werken van Clement D'hooghe
=260  \\$aTemse$bHuldecomité Clement D'hooghe$c1995
=300  \\$a269
=942  \\$cBOO
=952  \\$00$10$2ddc$40$6BIO_DHOO_C$70$8BIO$918705$aORPH$bORPH$cKTS1_P$d2021-10-19$oBIO DHOO c$p20129715$r2021-01-12 00:00:00$w2021-01-12$yBOO
=999  \\$c18647$d18647

