=LDR  02732aam a2200193   4500
=001  18656
=005  20250109133044.0
=008  150209s1983\\\\\\\\\\\\\\\\\\\\\\0\e
=020  \\$a9780521282468
=041  \\$aeng
=100  \\$aHacking, Ian$4aut$919942
=245  \\$aRepresenting and intervening: Introductory topics in the philosophy of natural science
=260  \\$aCambridge$bCambridge University Press$c1983
=250  \\$a25
=300  \\$a287
=520  \\$aThis 1983 book is a lively and clearly written introduction to the philosophy of natural science, organized around the central theme of scientific realism. It has two parts. 'Representing' deals with the different philosophical accounts of scientific objectivity and the reality of scientific entities. The views of Kuhn, Feyerabend, Lakatos, Putnam, van Fraassen, and others, are all considered. 'Intervening' presents the first sustained treatment of experimental science for many years and uses it to give a new direction to debates about realism. Hacking illustrates how experimentation often has a life independent of theory. He argues that although the philosophical problems of scientific realism can not be resolved when put in terms of theory alone, a sound philosophy of experiment provides compelling grounds for a realistic attitude. A great many scientific examples are described in both parts of the book, which also includes lucid expositions of recent high energy physics and a remarkable chapter on the microscope in cell biology.This 1983 book is a lively and clearly written introduction to the philosophy of natural science, organized around the central theme of scientific realism. It has two parts. 'Representing' deals with the different philosophical accounts of scientific objectivity and the reality of scientific entities. The views of Kuhn, Feyerabend, Lakatos, Putnam, van Fraassen, and others, are all considered. 'Intervening' presents the first sustained treatment of experimental science for many years and uses it to give a new direction to debates about realism. Hacking illustrates how experimentation often has a life independent of theory. He argues that although the philosophical problems of scientific realism can not be resolved when put in terms of theory alone, a sound philosophy of experiment provides compelling grounds for a realistic attitude. A great many scientific examples are described in both parts of the book, which also includes lucid expositions of recent high energy physics and a remarkable chapter on the microscope in cell biology.
=942  \\$cBOO
=952  \\$00$10$2ddc$40$6PHI_HACK_A$70$8PHI$918714$aORPH$bORPH$cKM12_3_2$d2021-08-11$g28.00$oPHI HACK a$p20133716$r2021-01-12 00:00:00$w2021-01-12$yBOO
=999  \\$c18656$d18656

