=LDR  01336aam a2200193   4500
=001  18659
=003  OSt
=005  20250109133044.0
=008  120315s2000\\\\\\\\\\\\\\\\\\\\\\0\\\\
=020  \\$a9782266105743
=040  \\$cST
=100  \\$aDuteurtre, Benoit$4aut$919945
=245  \\$aRequiem pour une avant-garde
=260  \\$aParis$bAgora$c2000
=300  \\$a316 pages
=520  \\$aA sa parution en 1995, Requiem pour une avant-garde a déclenché une vive polémique en prenant pour cible une certaine " musique contemporaine ", transformée en nouvel académisme. Retraçant l'histoire de cette avant-garde officielle, l'auteur soulevait pour la première fois - dans le domaine musical - un débat également très vif à propos d'arts plastiques ou de littérature. Avec cette édition revue, corrigée et complétée, Benoît Duteurtre enfonce le clou. Toujours dubitatif vis-à-vis d'une certaine " musique atonale ", entachée par le sectarisme de Pierre Boulez et de son entourage : Toujours fervent admirateur de Messiaen, Steve Reich, John Adams ou Jean-Louis Florentz, il nous invite à redécouvrir le XXe siècle musical dans sa diversité.
=942  \\$cBOO$2ddc
=952  \\$00$10$2ddc$40$6GHM_7_000000000000000$70$8GHM$918717$aORPH$bORPH$cKM12_1$d2022-02-04$oGHM7$p20130722$r2021-01-12 00:00:00$w2021-01-12$yBOO
=999  \\$c18659$d18659

