=LDR  00778aam a2200181   4500
=001  18662
=005  20250109133512.0
=008  150324s2010\\\\\\\\\\\\\\\\\\\\\\0\eng
=041  \\$aeng
=245  \\$aResearching Conservatoires:$bEnquiry, Innovation and the Development of Artistic Practice in Higher Music Education
=260  \\$aAmsterdam$bTerts$aStockholm$bRoyal College of Music$c2010
=300  \\$a111 pages
=490  \\$aAEC Publications
=648  \0$a21st Century (2001-2100)$1http://www.wikidata.org/entity/Q6939$920812
=650  \0$aMusic education$1http://www.wikidata.org/entity/Q27908$921766
=942  \\$cBOO
=952  \\$00$10$2ddc$40$6MTP_4_000000000000000_POLI$70$8MTP$918720$aORPH$bORPH$cKM12_1$d2021-11-25$oMTP4 POLI$p20135486$r2021-01-12 00:00:00$w2021-01-12$yBOO
=999  \\$d18662

