=LDR  01029aam a2200217   4500
=001  18664
=005  20250109133044.0
=008  120904s2008\\\\\\\\\\\\\\\\\\\\\\0\eng
=020  \\$a9781403997227
=041  \\$aeng
=245  \\$aResearching online
=260  \\$aNew York$bPalgrave Macmillan$c2008
=300  \\$a224 pages
=490  \\$aPalgrave study guides
=520  \\$aThis book offers a clear and comprehensive introduction to the use of internet technology in research. It provides full accounts of the different ways in which online resources can help with research projects in any area of the social sciences or humanities along with useful hints and tips as to how you can make the internet work for you.
=700  \\$4aut$aBuckler, Steve$919952
=700  \\$4aut$aDolowitz, David$919953
=700  \\$4aut$aSweeney, Fionnghuala$919954
=942  \\$cBOO
=952  \\$00$10$2ddc$40$6REF_2_000000000000000_BUCK$70$8REF$918722$aORPH$bORPH$cKM12_1$d2021-08-23$g12.00$oREF2 BUCK$p20131218$r2021-01-12 00:00:00$w2021-01-12$yBOO
=999  \\$d18664

