=LDR  01304aam a2200229   4500
=001  18668
=005  20251001162234.0
=008  130311s1985\\\\\\\\\\\\\\\\\\\\\\0\eng
=020  \\$a9780520072381
=041  \\$aeng
=100  \\$4aut$aBarthes, Roland$d1915-1980$1http://www.wikidata.org/entity/Q179109$919171
=245  \\$aThe Responsibility of Forms:$bCritical Essays on Music, Art, and Representation
=260  \\$aBerkeley, CA$bUniversity of California Press$c1985
=300  \\$a312 pages
=520  \\$aThese late essays of Roland Barthes's are concerned with the visible and the audible, and here the preoccupations are particularly intense and rewarding, in part because Barthes was himself, by predilection, an artist and a musician, and in part because he was of two minds about the very possibility of attaching to art and to music a written text, a criticism.
=648  \0$a20th Century (1901-2000)$1http://www.wikidata.org/entity/Q6927$920936
=650  \0$aAesthetics$1http://www.wikidata.org/entity/Q35986$921494
=651  \0$aFrance$1http://www.wikidata.org/entity/Q142$9131
=700  \\$4trl$aHoward, Richard$919961
=942  \\$cBOO
=952  \\$00$10$2ddc$40$6PHI_BART_A$70$8PHI$918726$aORPH$bORPH$cKM12_3_2$d2021-08-11$g24.95$oPHI BART a$p20133581$r2021-01-12 00:00:00$w2021-01-12$yBOO
=999  \\$d18668

