=LDR  01086aam a2200241   4500
=001  18672
=003  OSt
=005  20250120120539.0
=008  140220s2003\\\\\\\\\\\\\\\\\\\\\\0\eng
=020  \\$a9780813215488
=040  \\$cOI
=041  \\$aeng
=100  \\$aCombe, Dom Pierre$4aut$917830
=245  \\$aThe Restoration of Gregorian Chant:$bSolesmes & the Vatican Edition
=260  \\$aWashington, DC$bCatholic University of America Press$c2003
=300  \\$a451 pages
=520  \\$aThis book presents for the first time in English the fully documented history of the restoration of Gregorian chant, the Catholic Church's very own music.
=610  \0$aAbbaye Saint-Pierre de Solesmes (Sarthe, France)$1http://www.wikidata.org/entity/Q306131$923363
=648  \0$a19th Century (1801-1900)$1http://www.wikidata.org/entity/Q6955$920935
=650  \0$aPlainchant$1http://www.wikidata.org/entity/Q2707688$921363
=942  \\$cBOO
=952  \\$00$10$2ddc$40$6GEN_2_000000000000000$70$8GEN$918730$aORPH$bORPH$cKM12_1$d2022-01-05$g31.00$oGEN2$p20125998$r2021-01-12 00:00:00$w2021-01-12$yBOO
=999  \\$d18672

