=LDR  05002aam a2200289   4500
=001  18675
=005  20250120120511.0
=008  120511s2011\\\\\\\g|||\\\\\\\\\\\0deng\d
=020  \\$a9780195393859
=041  \\$aeng
=245  \\$aRethinking Schumann
=260  \\$aNew York$bOxford University Press$c2011
=300  \\$a471 pages
=505  \\$gRobert Schumann and the Culture of German Nationhood / Celia Applegate -- Organizing German Musical Life at Midcentury: Brendel, Schumann, and the Leipzig Tonkünstlerversammlungen and Tonkünstlerverein / James Deaville -- The Cry of the Schuhu: Dissonant History in a Late Schumann Song / Susan Youens -- Segregating Sound: Robert Schumann in the Third Reich / Lily E. Hirsch -- At the Interstice between "Popular" and "Classical": Schumann's Poems of Queen Mary Stuart and European Sentimentality at Midcentury / Jon W. Finson -- Who Was Mignon? What Was She? Popular Catholicism and Schumann's Requiem, Op. 98b / Roe-Min Kok -- Entzückt: Schumann, Raphael, Faust / Nicholas Marston -- Schumann and Agencies of Improvisation / Dana Gooley -- Schumann's Melodramatic Afterlife / Ivan Raykoff -- Meter and Expression in Robert Schumann's Op. 90 / Harald Krebs -- Hypermetric Dissonance in the Later Works of Robert Schumann / William Benjamin -- Associative Harmony, Tonal Pairing, and Middleground Structure in Schumann's Sonata Expositions: The Role of the Mediant in the First Movements of the Piano Quintet, Piano Quartet, and Rhenish Symphony / Peter H. Smith -- Schumann and the style hongrois / Julie Hedges Brown -- Intermediate States of Key in Schumann / David Kopp -- Choreographing Schumann / Wayne Heisler Jr. -- The Fictional Lives of the Schumanns / David Ferris -- Deserted Chambers of the Mind (Schumann Memories) / Laura Tunbridge -- Late Styles / Scott Burnham
=520  \\$aA provocative re-examination of a major romantic composer, Rethinking Schumann provides fresh approaches to Schumann's oeuvre and its reception from the perspectives of literature, visual arts, cultural history, performance studies, dance, and film. Traditionally, research has focused on biographical links between the composer and his music, encouraging the assumption that Schumann was solitary, divorced from reality, and frequently associated with "untimeliness." These eighteen new essays argue from a multitude of perspectives that Schumann was in fact very much a man of his time, informed not only by music but also the culture and society around him. The book further reveals that the composer's reputation has been shaped significantly by, for example, changes in attitudes towards German romanticism and its history, and recent developments in musical scholarship and performance. Rethinking Schumann takes into account cultural and social-institutional frameworks, engages with ongoing and new issues of reception and historiography, and offers fresh music-analytical insights. As a whole, the essays assemble a portrait of the artist that reflects the different ways in which Schumann has been understood and misunderstood over the past two hundred years. The volume is, in short, a timely reassessment of this ultimately non-untimely figure's legacy.

While the essays consider some of Schumann's most famous music (Dichterliebe, Kinderszenen and the Piano Quintet), they also provide crucial adjustment to judgments against the composer's later works by explaining their musical features not as the result of diminishing creative capacity but as reflections of the political and social situations of mid-nineteenth-century German culture and technological developments. Schumann is revealed to have been a musician engaged by and responsive to his surroundings, whose reputation was formed to a great extent by popular culture, both in his own lifetime as he responded to particular poets and painters, and later, as his life and works were responded to by subsequent generations.
Features
New emphasis on Schumann as engaged with popular, political and visual culture
Focus on the often-neglected late works of the late 1840s and early 1850s
Features Interdisciplinary approaches
Contributions from the lead scholars in several fields
=600  \0$aSchumann, Robert$d1810-1856$1http://www.wikidata.org/entity/Q7351$913977
=648  \0$a19th Century (1801-1900)$1http://www.wikidata.org/entity/Q6955$920935
=650  \0$aComposer$1http://www.wikidata.org/entity/Q36834$93625
=650  \0$aBiography$1http://www.wikidata.org/entity/Q36279$91927
=650  \0$aMusical analysis$1http://www.wikidata.org/entity/Q1544924$92775
=650  \0$aCuckoo$1http://www.wikidata.org/entity/Q18845$922474
=651  \0$aGermany$1http://www.wikidata.org/entity/Q183$9155
=700  \\$4edt$aKok, Roe-Min$919965
=700  \\$4edt$aTunbridge, Laura$919966
=942  \\$cBOO
=952  \\$00$10$2ddc$40$6BIO_SCHU2_E$70$8BIO$918733$aORPH$bORPH$cKTS1_P$d2022-08-30$g67.00$l3$m2$oBIO SCHU2 e$p20129836$r2022-08-30 00:00:00$s2021-12-22$w2021-01-12$yBOO$VAmazon
=999  \\$d18675

