=LDR  00855aam a2200205   4500
=001  18679
=005  20250120120304.0
=008  120411s2004\\\\\\\\\\\\\\\\\\\\\\0\dut
=020  \\$a9065540075
=041  \\$adut$hgrc
=100  \\$aAristoteles$d384-322 BC$4aut$1http://www.wikidata.org/entity/Q868$94906
=245  \\$aRetorica
=260  \\$aGroningen$bHistorische Uitgeverij$c2004
=300  \\$a274 pages
=520  \\$aStudie van de Griekse filosoof (384-322 voor Chr.) over de welsprekendheid.
=648  \0$aClassical Antiquity (8th Century BC-6th Century AD)$1http://www.wikidata.org/entity/Q486761$921435
=650  \0$aRhetoric$1http://www.wikidata.org/entity/Q81009$93894
=942  \\$cBOO
=952  \\$00$10$2ddc$40$6PHI_ARIS_A$70$8PHI$918737$aORPH$bORPH$cKM12_3_2$d2021-08-06$l1$oPHI ARIS a$p20133219$r2022-02-22 00:00:00$s2022-01-10$w2021-01-12$yBOO
=999  \\$d18679

