=LDR  02446aam a2200181   4500
=001  18681
=005  20250109133045.0
=008  160216s2014\\\\\\\\\\\\\\\\\\\\\\0\e
=020  \\$a9782840667025
=041  \\$aeng
=100  \\$aLe Roy, Xavier$4aut$919971
=245  \\$aRetrospective
=260  \\$bLes presses du réel$c2014
=300  \\$a334
=520  \\$aWhat did Retrospective by Xavier Le Roy do to and for choreography, the medium of exhibition, contemporary art, the spectatorial gaze, social and public space...? 
This book opens up a series of conversations, guided interviews, scorelike reports, and essays about this work. Sundry voices of artists, dramaturges, performers, curators, critics, art historians, philosophers, and others reflect on the scope and variety of questions and positions triggered within and through Retrospective.

Published on the occasion of the exponymous exhibition at Fundació Antoni Tàpies, Barcelona, Musée de la Danse, Rennes, Teatro Castro Alves, Salvador, Deichtorhallen, Hamburg, Museu de Arte do Rio, Rio de Janeiro, Centre Pompidou, Paris, TheatreWorks, Singapore, and MoMA, New York, from 2012 to 2014.

Xavier Le Roy holds a doctorate in molecular biology from the University of Montpellier, France, and has worked as a dancer and choreographer since 1991. He has performed with diverse companies and choreographers. From 1996 to 2003, he was artist-in-residence at the Podewil in Berlin. In 2007-2008 he was "Associated Artist" at Centre Chorégraphique National de Montpellier, France. In 2010 Le Roy is an Artist in Residence fellow at the MIT Program in Art Culture and Technology (Cambridge, MA). Through his solo works such as "Self Unfinished" (1998) and "Product of Circumstances" (1999), he has opened new perspectives in the field of choreographic art.
His latest works such as the solo "Le Sacre du Printemps" (2007), the group piece "low pieces" (2011), and works for exhibition spaces such as "production" (2011) created together with Mårten Spångberg, "untitled" (2012) for the exhibition 12 Rooms and "Retrospective" first realized in 2012 at the Tapiès Foundation-Barcelona, produce situations that explore the relationships between spectators/visitors/performers and the production of subjectivities.
=942  \\$cBOO
=952  \\$00$10$2ddc$40$6LIT_LERO_A$70$8LIT$918739$aORPH$bORPH$cKM12_2_H$d2021-08-30$g29.00$oLIT LERO a$p20131325$r2021-01-12 00:00:00$w2021-01-12$yBOO
=999  \\$c18681$d18681

