=LDR  02384aam a2200253   4500
=001  18684
=005  20250120120531.0
=008  150513s1974\\\\\\\\\\\\\\\\\\\\\\0\fre
=020  \\$a9782020086134
=041  \\$afre
=100  \\$aKristeva, Julia$d1941-$4aut$1http://www.wikidata.org/entity/Q159876$916796
=245  \\$aLa révolution du langage poétique :$bL'avant-garde à la fin du 19e siècle. Lautréamont et Mallarmé
=250  \\$a1st ed.
=260  \\$aParis$bSeuil$c1974
=300  \\$a633 pages
=490  \\$aEssais$v174
=520  \\$aLa révolution du langage poétique Refus du code social inscrit dès la structure de la langue ; prise sur la substance folle qui en réclame la liberté : le langage poétique est ce lieu où la jouissance ne passe par le code que pour le transformer.
Il introduit donc, dans les structures linguistiques et la constitution du sujet parlant, la négativité, la rupture. Il faut lire un tel " langage " comme pratique : avec et à travers le système de la langue, vers les risques du sujet et de l'enjeu qu'il introduit dans l'ensemble social. Irruption de la pulsion toujours sémiotique : moment de la négativité, éclatement de la structure signifiante dans le rythme, mise en procès du sujet.
Nouvelle disposition du sémiotique dans la signification. Inséparables dans leur dialectique, ces deux mouvements font du langage poétique une pratique qui nous entraîne à repenser la logique de toute pratique. Lautréamont et Mallarmé sont les noms que porte, à la fin du XIXe siècle, cette expérience bouleversant la phonétique, le lexique, la syntaxe, les relations logiques, en même temps que l' " ego transcendantal ".
Dans la crise de l'Etat bourgeois, du droit paternel, de la religion, un sujet et son discours, qui se maintenaient depuis deux mille ans, s'effondrent. L'avant-garde du XXe siècle opère, en l'approfondissant, depuis cette révolution.
=648  \0$a19th Century (1801-1900)$1http://www.wikidata.org/entity/Q6955$920935
=650  \0$aLiterature$1http://www.wikidata.org/entity/Q8242$94439
=650  \0$aSemiotics$1http://www.wikidata.org/entity/Q60195$923080
=651  \0$aFrance$1http://www.wikidata.org/entity/Q142$9131
=942  \\$cBOO
=952  \\$00$10$2ddc$40$6PHI_KRIS_A$70$8PHI$918742$aORPH$bORPH$cKM12_3_2$d2021-08-10$g10.00$oPHI KRIS a$p20135557$r2021-01-12 00:00:00$w2021-01-12$yBOO
=999  \\$d18684

