=LDR  01322aam a2200253   4500
=001  18685
=005  20250120120531.0
=008  150421s1984\\\\\\\\\\\\\\\\\\\\\\0\eng\d
=020  \\$a9780231056434
=041  \\$aeng$hfre
=100  \\$aKristeva, Julia$d1941-$4aut$1http://www.wikidata.org/entity/Q159876$916796
=245  \\$aRevolution in Poetic Language
=260  \\$aNew York$bColumbia University Press$c1984
=300  \\$a271 pages
=500  \\$aAbridged translation of the original edition of 1974
=520  \\$aThe linking of psychosomatic to literary and literary to a larger political horizon raises the question of conservative premises to linguistic, pyschoanalystic, philisophical, and literary theories and criticisms of such.
=648  \0$a19th Century (1801-1900)$1http://www.wikidata.org/entity/Q6955$920935
=650  \0$aLiterature$1http://www.wikidata.org/entity/Q8242$94439
=650  \0$aSemiotics$1http://www.wikidata.org/entity/Q60195$923080
=651  \0$aFrance$1http://www.wikidata.org/entity/Q142$9131
=765  \\$aLa révolution du langage poétique : L'avant-garde à la fin du 19e siècle. Lautréamont et Mallarmé
=942  \\$cBOO
=952  \\$00$10$2ddc$40$6PHI_KRIS_A$70$8PHI$918743$aORPH$bORPH$cKM12_3_2$d2021-08-10$g31.00$oPHI KRIS a$p20133489$r2021-01-12 00:00:00$w2021-01-12$yBOO
=999  \\$d18685

