=LDR  02547aam a2200229   4500
=001  18691
=005  20250120120521.0
=008  140221s2008\\\\\\\\\\\\\\\\\\\\\\0\eng\d
=020  \\$a9780231142762
=041  \\$aeng
=100  \\$aGolston, Michael$4aut$919978
=245  \\$aRhythm and Race in Modernist Poetry and Poetics:$bPound, Yeats, Williams and Modern Sciences of Rhythm
=260  \\$aNew York$bColumbia University$c2008
=300  \\$a272 pages
=520  \\$aIn the half-century between 1890 and 1950, a variety of fields and disciplines, from musicology and literary studies to biology, psychology, genetics, and eugenics, expressed a profound interest in the subject of rhythm. In this book, Michael Golston recovers much of the work done in this area and situates it in the society, politics, and culture of the Modernist period. He then filters selected Modernist poems through this archive to demonstrate that innovations in prosody, form, and subject matter are based on a largely forgotten ideology of rhythm and that beneath Modernist prosody is a science and an accompanying technology.

In his analysis, Golston first examines psychological and physiological experiments that purportedly proved that races responded differently to rhythmic stimuli. He then demonstrates how poets like Ezra Pound, W. B. Yeats, Mina Loy, and William Carlos Williams either absorbed or echoed the information in these studies, using it to hone the innovative edge of Modernist practice and fundamentally alter the way poetry was written.

Golston performs close readings of canonical texts such as Pound's Cantos, Yeats's "Lake Isle of Innisfree," and William Carlos Williams's Paterson, and examines the role the sciences of rhythm played in racist discourses and fascist political thinking in the years leading up to World War II. Recovering obscure texts written in France, Germany, England, and America, Golston argues that "Rhythmics" was instrumental in generating an international modern art and should become a major consideration in our reading of reactionary avant-garde poetry.
=650  \0$aRhythm$1http://www.wikidata.org/entity/Q170406$92724
=650  \0$aPoetry$1http://www.wikidata.org/entity/Q482$93026
=650  \0$aCuckoo$1http://www.wikidata.org/entity/Q18845$922474
=650  \0$aCrescendo$1http://www.wikidata.org/entity/Q2347888$922787
=942  \\$cBOO
=952  \\$00$10$2ddc$40$6LIT_GOLS_B$70$8LIT$918749$aORPH$bORPH$cKM12_2_H$d2014-02-19$l1$oLIT GOLS b$p20139089$r2022-06-08 00:00:00$s2021-03-12$v46.93$w2014-02-19$yBOO
=999  \\$d18691

