=LDR  01916aam a2200301   4500
=001  18695
=005  20250508120129.0
=008  171213r19861983\\\g\\\\\\\\\\\\\\0\eng\d
=020  \\$a97802226014043
=041  \\$aeng
=100  \\$aAllanbrook, Wye Jamison$d1943-2010$1http://www.wikidata.org/entity/Q8039708$4aut$919981
=245  \\$aRhythmic Gesture in Mozart:$bLe nozze di Figaro & Don Giovanni
=250  \\$aPaperback edition
=260  \\$aChicago, IL$aLondon$bUniversity of Chicago Press$c1986
=300  \\$a396
=520  \\$aWye Jamison Allanbrooks widely influential Rhythmic Gesture in Mozart challenges the view that Wolfgang Amadeus Mozart's music was a pure play of key and theme, more abstract than that of his predecessors. Allanbrook's innovative work shows that Mozart used a vocabulary of symbolic gestures and musical rhythms to reveal the nature of his characters and their interrelations. The dance rhythms and meters that pervade his operas conveyed very specific meanings to the audiences of the day.
=534  \\$aOriginally published in 1983
=600  \0$aMozart, Wolfgang Amadeus$d1756-1791$1http://www.wikidata.org/entity/Q254$95341
=648  \0$a18th Century (1701-1800)$1http://www.wikidata.org/entity/Q7015$920899
=650  \0$aMusical analysis$1http://www.wikidata.org/entity/Q1544924$92775
=650  \0$aRhythm$1http://www.wikidata.org/entity/Q170406$92724
=650  \0$aTopos$1http://www.wikidata.org/entity/Q15177520$925740
=650  \0$aOpera buffa$1http://www.wikidata.org/entity/Q208080$926015
=650  \0$aDance$1http://www.wikidata.org/entity/Q11639$1http://www.wikidata.org/entity/Q316930$924845
=651  \0$aVienna (Austria)$1http://www.wikidata.org/entity/Q1741$920937
=942  \\$cBOO
=952  \\$00$10$2ddc$40$6BIO_MOZA1_E$70$8BIO$918753$aORPH$bORPH$cKTS1_P$d2017-12-11$g28.62$l1$m4$oBIO MOZA1 e$p20132434$r2025-06-04 12:24:53$s2021-03-10$w2021-01-12$yBOO
=999  \\$d18695

