=LDR  02435aam a2200241   4500
=001  18697
=005  20251001162313.0
=008  120117s2005\\\\\\\a\\\\\\\\\\\\\\0\eng\d
=020  \\$a0415973708
=041  \\$aeng
=100  \\$aThaut, Michael$d-1952$4aut$1http://www.wikidata.org/entity/Q1643376$919983
=245  \\$aRhythm, Music, and the Brain:$bScientific Foundations and Clinical Applications
=260  \\$aNew York$bRoutledge$c2005
=300  \\$a247 pages
=505  \\$gThe structure of rhythm : the essence of time in music -- Aesthetics and psychobiology -- The neural dynamics of rhythm -- Biomedical research in music -- Rhythm-driven optimization of motor control -- Music in therapy and medicine : from social science to neuroscience -- Neurologic music therapy in sensorimotor rehabilitation -- Neurologic music therapy in speech and language rehabilitation -- Neurologic music therapy in cognitive rehabilitation.
=520  \\$aWith the advent of modern cognitive neuroscience and new tools of studying the human brain live, music as a highly complex, temporally ordered and rule-based sensory language quickly became a fascinating topic of study. The question of how music moves us, stimulates our thoughts, feelings, and kinesthetic sense, and how it can reach the human experience in profound ways is now measured with the advent of modern cognitive neuroscience. The goal of Rhythm, Music and the Brain is an attempt to bring the knowledge of the arts and the sciences and review our current state of study about the brain and music, specifically rhythm. The author provides a thorough examination of the current state of research, including the biomedical applications of neurological music therapy in sensorimotor speech and cognitive rehabilitation. This book will be of interest for the lay and professional reader in the sciences and arts as well as the professionals in the fields of neuroscientific research, medicine, and rehabilitation. 
=650  \0$aScience$1http://www.wikidata.org/entity/Q7991$921650
=650  \0$aMusic philosophy and aesthetics$1http://www.wikidata.org/entity/Q2092865$921165
=650  \0$aMusic therapy$1http://www.wikidata.org/entity/Q209642$921440
=650  \0$aRhythm$1http://www.wikidata.org/entity/Q170406$92724
=942  \\$cBOO
=952  \\$00$10$2ddc$40$6SCI_THAU$70$8SCI$918755$aORPH$bORPH$cKM12_1$d2022-09-06$l0$oSCI THAU$p20139432$r2021-01-12 00:00:00$w2021-01-12$yBOO
=999  \\$d18697

