=LDR  03132aam a2200205   4500
=001  18698
=005  20250109133045.0
=008  180330s2016\\\\\\\\\\\\\\\\\\\\\\0\eng
=020  \\$a9789198242300
=041  \\$aeng
=100  \\$aPetri, Johan$4aut$919984
=245  \\$aThe rhythm of thinking: immanence and ethics in theater performance
=260  \\$aGothenburg$bArtmonitor$c2016
=300  \\$a485 pages
=500  \\$aacademic dissertation for artistic doctoral degree in scenic design at the University of Stage and Music, University of Gothenburg, which with the permission of the Dean of the Faculty of Arts will be publicly defended 16 september 2016
=520  \\$aThe dissertation The Rhythm of Thinking: Immanence and Ethics in Theater Performance is an artistic research project in the field of theater, with directing and theatrical composition and dramaturgy as its main points of focus. The critical exploration is based on the experience of conceptualizing and directing three different theater performances. The project is an attempt to explore the implications of the concept of immanence in the collective creative process of theater making. In particular, it is an effort to illuminate what might be called processes of immanence or theater of immanence. The research is built around a net of questions, observations, and thoughts ranging from the experiences of collective creative processes and collaborative work with the performers, to academic criticism on discourses related to the fields of performance studies, philosophy and performance philosophy, perception theory, and musicology. The unfurling of this net is intended to contribute to the ideas and theories surrounding the relationship between the structural specifics of theater  dramaturgically and compositionally  and the aspects of meaning and affect. This formulation encapsulates a number of sub-areas to which the investigation aims to contribute with problematizing insertions, areas broadly defined as: transforming theories into concrete compositional and processual measures; developing dramaturgical discourses beyond semantic language; problematizing a binary relation between composition/conceptualization and an intuitive, emotional creative force; discussing how to enhance a readiness for variation in the performers; problematizing hierarchical structures, both in regards to the hierarchy of expressions, as well as creative influence; mapping out a thought process for a directorial practice; and finally, searching for a possible reciprocity between compositional structures and ethics. The investigated materials are theater performances but the critical treatment is mainly done through philosophical discourses, predominately represented by the French philosopher Gilles Deleuze (19251995), the Canadian philosopher Brian Massumi (b.1956), and the Italian/Australian philosopher Rosi Braidotti (b.1954).
=856  \\$uhttp://hdl.handle.net/2077/45808
=942  \\$cDIS
=952  \\$00$10$2ddc$40$6MTP_5_000000000000000_PETR$70$8MTP$918756$aORPH$bORPH$cKM12_1$d2021-08-31$oMTP5 PETR$p20131391$r2021-01-12 00:00:00$w2021-01-12$yDIS
=999  \\$d18698

