=LDR  01990aam a2200205   4500
=001  18699
=005  20250109133045.0
=008  120628s2000\\\\\\\d\\\\\\\\\\\\\\0\eng\d
=020  \\$a9789026516368
=041  \\$aeng
=100  \\$4edt$aDesain, Peter$1http://www.wikidata.org/entity/Q104540629$919985
=245  \\$aRhythm:$bPerception and Production
=260  \\$aLisse$bSwets & Zeitlinger$c2000
=300  \\$a286 pages$bcd
=490  \\$aStudies on New Music Research$v3
=520  \\$aThis primer, designed for those interested in the perception of rhythm, provides readers with both an overview of recent research in the introductions to each section, and a broad selection of chapters dealing with more detailed studies. It consists of contributions by some of the most respected investigators in the fields of motor behaviour, timing control, music cognition and psychology and arose out of the 7th Workshop on Rhythm Perception and Production, held in Wassenaar in 1998.;The book begins with a discussion of more generic studies of timing and synchronisation, focusing on the two main methods of modelling timing behaviour (the modern complex dynamics approach and the older methods of analysis of covariance) and some progress is made towards an integration of these two historically conflicting approaches. It then moves on to consider rhythm perception and production in a wide variety of contexts, with a prticular focus on music and language. The individual contributions range from attempts to model the processes involved in tracking or synchronising to an external pulse to detailed studies of the ways in which the rhythmic complexities of real musical and linguistic behaviour (such as polyrhythmic drumming) are executed and perceived.
=700  \\$4edt$aWindsor, Luke$919986
=942  \\$cBOO
=952  \\$00$10$2ddc$3CD$40$6MTP_1_000000000000000_DESA$70$8MTP$918757$aORPH$bORPH$cKM12_1$d2021-10-27$l1$m3$oMTP1 DESA$p20135597$r2022-09-06 00:00:00$s2021-10-27$w2021-01-12$yBOO
=999  \\$d18699

