=LDR  02167aam a2200241   4500
=001  18700
=005  20251001162234.0
=008  150421s2014\\\\\\\ag\\\\\\\\\\\\\0\ger\d
=020  \\$a9783837625462
=041  \\$ager
=245  \\$aRhythmus - Balance - Metrum:$bFormen raumzeitlicher Organisation in den Künsten
=260  \\$aBielefeld$bTranscript$c2014
=300  \\$a211 pages
=490  \\$aEdition Kulturwissenschaft$vBand 30
=505  \\$gEinleitung / Christian Grüny und Matteo Nanni -- Eine Geschichte der Rhythmen: warum und wie? / Jean-Claude Schmitt -- Die Tücken des Binären, oder warum Gilles Deleuze die Betrachtung des Rhythmus in der Barockmusik aufgegeben hat / Alexander Jakobidze-Gitman -- Kulturen des musikalischen Rhythmus / Steffen A. Schmidt -- Rhythmus und Geste, oder Metaphysics in Mecklenburgh Street / Christian Grüny -- Typen posttonaler Rhythmik / Claus-Steffen Mahnkopf -- Phänodramen oszillierender Membranen / Inge Hinterwaldner -- Henri Matisse, Jazz und der Rhythmus des Lesens / Martin Sundberg -- Rhythmusexperimente – Halt und Bewegung / Christopher Hasty
=520  \\$aThis volume shows that it is precisely through the interaction of different disciplines that a meaningful concept of spatiotemporal organisation in the arts and beyond can be outlined.
At the centre of this is the concept of rhythm, which is important in the various artistic disciplines, but also in history and cultural studies. The contributions explore this in connection with the related concepts of balance and metre, formulating further-reaching theoretical perspectives that are a desideratum even in musicology. (Translated with Deepl.com)
=650  \0$aRhythm$1http://www.wikidata.org/entity/Q170406$92724
=650  \0$aAesthetics$1http://www.wikidata.org/entity/Q35986$921494
=700  \\$aGrüny, Christian$1http://www.wikidata.org/entity/Q113811771$4edt$919987
=700  \\$aNanni, Matteo$1http://www.wikidata.org/entity/Q95343842$4edt$919988
=942  \\$cBOO
=952  \\$00$10$2ddc$40$6AES_GRUN$70$8AES$918758$aORPH$bORPH$cKM12_1$d2015-04-13$g27.00$l1$oAES GRUN$p20143852$r2024-10-08 16:15:05$s2021-03-12$w2021-01-12$yBOO$Vamazon.de
=999  \\$d18700

