=LDR  01259aam a2200229   4500
=001  18705
=005  20250120120046.0
=008  180919n\\\\\\\\\\\g\\\\\\\\\\\\\\0\fre\d
=041  \\$afre
=100  \\$aWolzogen, Hans von$d1848-1938$4aut$1http://www.wikidata.org/entity/Q109575$919990
=245  \\$aRichard Wagner : L'Anneau des Nibelungen. Guide musical$bL'Or du Rhin, La Walkyrie, Siegfried; Le Crépuscule des dieux
=260  \\$aLeipzig$bBreitkopf & Härtel$c19th century
=300  \\$a[ii]-133-[xiv] pages$bpaper cover, music examples
=648  \0$a19th Century (1801-1900)$1http://www.wikidata.org/entity/Q6955$920935
=650  \0$aOpera$1http://www.wikidata.org/entity/Q1344 $92468
=650  \0$aMusical analysis$1http://www.wikidata.org/entity/Q1544924$92775
=650  \0$aMusic history$1http://www.wikidata.org/entity/Q846047$921373
=942  \\$cBOO
=952  \\$00$10$40$70$8COLL_UNK$918762$aORPH$bORPH$cLOC_UNK$l0$p20115974$r2021-01-12 00:00:00$w2021-01-12$yBOO
=952  \\$00$10$2ddc$40$70$8RAR$918763$aORPH$bORPH$cKTS1_H$d2021-09-08$p20136433$r2021-01-12 00:00:00$w2021-01-12$yBOO
=952  \\$00$10$2ddc$40$6KTS_1_000000000000000_H_04_016$70$8RAR$918764$aORPH$bORPH$cKTS1_H$l0$oKTS1 H.04.016$p20130120$r2021-01-12 00:00:00$w2021-01-12$yBOO
=999  \\$d18705

