=LDR  00567aam a2200181   4500
=001  18711
=005  20250109133045.0
=008  111025s2003\\\\\\\\\\\\\\\\\\\\\\0\d
=020  \\$a3921518954
=041  \\$ager
=100  \\$4aut$aKiem, Eckehard$919993
=100  \\$4aut$aHoltmeier, Ludwig$919110
=245  \\$aRichard Wagner und seine Zeit
=260  \\$aLaaber$bLaaber-Verlag$c2003
=300  \\$a407
=942  \\$cBOO
=952  \\$00$10$2ddc$40$6BIO_WAGN1_D$70$8BIO$918770$aORPH$bORPH$cKTS1_P$d2021-10-26$oBIO WAGN1 d$p20129840$r2021-01-12 00:00:00$w2021-01-12$yBOO
=999  \\$c18711$d18711

