=LDR  01083aam a2200253   4500
=001  18714
=005  20250925143305.0
=008  120223s2007\\\\\\\\\\\\\\\\\\\\\\0\dut\d
=020  \\$a9789086870073
=041  \\$adut
=100  \\$aDe Visscher, Jacques$4aut$918632
=245  \\$aRicœur:$bde weg naar verstaan
=260  \\$aKampen$bBoekencentrum$c2007
=300  \\$a235 pages
=600  \0$aRicœur, Paul$d1913-2015$1http://www.wikidata.org/entity/Q192066$917803
=648  \0$a20th Century (1901-2000)$1http://www.wikidata.org/entity/Q6927$920936
=648  \0$a21st Century (2001-2100)$1http://www.wikidata.org/entity/Q6939$920812
=650  \0$aPhilosophy$1http://www.wikidata.org/entity/Q5891$92357
=650  \0$aHermeneutics$1http://www.wikidata.org/entity/Q102686$922567
=651  \0$aFrance$1http://www.wikidata.org/entity/Q142$9131
=651  \0$aBelgium$1http://www.wikidata.org/entity/Q31$920881
=942  \\$cBOO
=952  \\$00$10$2ddc$40$6PHI_RICO_B_DEVI$70$8PHI$918773$aORPH$bORPH$cKM12_3_2$d2021-08-06$oPHI RICO b DEVI$p20133185$r2021-01-12 00:00:00$w2021-01-12$yBOO
=999  \\$d18714

