=LDR  01864aam a2200253   4500
=001  18715
=005  20250120120042.0
=008  170109s1959\\\\\\\\\\\\\\\\\\\\\\0\ger
=041  \\$ager
=100  \\$1http://www.wikidata.org/entity/Q213539$4aut$aRiemann, Hugo$d1849-1919$916448
=245  \\$aMusiklexikon
=250  \\$a12th ed.
=260  \\$aMainz$bSchott$c1959
=300  \\$a986 pages
=520  \\$aDas Musiklexikon von Hugo Riemann (1849-1919) erschien in der ersten Auflage 1882, in der letzten (8.) Auflage aus Riemanns Hand 1916. Das Lexikon wurde mehrfach in fremde Sprachen übersetzt und darf als Standardwerk des deutschen Musikschrifttums gelten. Die späteren Auflagen besorgte Alfred Einstein (1880-1952), die letzte (11.) Auflage in zwei Bänden 1929. Nach einer Zeitspanne von nahezu dreißig Jahren gewaltiger Veränderungen des geistigen, sozialen und politischen Lebens erschien 1959 der erste Band der 12. Auflage dieses weltweit berühmten Lexikons. Die beiden Bände des Personenteils sowie der Sachteil wurden von Wilibald Gurlitt (1889-1963) (Sachteil fortgeführt von Hans Heinrich Eggebrecht), die zwei Ergänzungsbände zum Personenteil von Carl Dahlhaus (1928-1989) herausgegeben.
=534  \\$c1882
=650  \0$1http://www.wikidata.org/entity/Q193544$aMusic theory$92662
=650  \0$1http://www.wikidata.org/entity/Q846047$aMusic history$921373
=650  \0$1http://www.wikidata.org/entity/Q5292$aEncyclopedia$92184
=700  \\$4edt$aGurlitt, Wilibald$d1889-1963$919994
=942  \\$cBOO
=952  \\$00$10$2ddc$3Personenteil A-K $40$6REF_1_000000000000000$70$8REF$918774$aORPH$bORPH$cKM12_1$d2021-08-31$oREF1$p20134071$r2021-01-12 00:00:00$w2021-01-12$yBOO
=952  \\$00$10$2ddc$3Personenteil L-Z$40$6REF_1_000000000000000$70$8REF$918775$aORPH$bORPH$cKM12_1$d2021-08-31$oREF1$p20134072$r2021-01-12 00:00:00$w2021-01-12$yBOO
=999  \\$d18715

