=LDR  01898aam a2200229   4500
=001  18719
=005  20250120115748.0
=008  190910s1993\\\\\\\\\\\\\\\\\\\\\\0\eng
=020  \\$a9780521417457
=041  \\$aeng
=100  \\$aStrohm, Reinhard$d1942-$4aut$918985
=245  \\$aThe Rise of European Music 1380-1500
=260  \\$aCambridge$bCambridge University Press$c1993
=300  \\$a720 pages
=520  \\$aThis is a detailed and comprehensive survey of music in the late middle ages and early Renaissance. By limiting its scope to the 120 years which witnessed perhaps the most dramatic expansion of our musical heritage, the book responds, in the 1990s, to the tremendous increase in specialised research and public awareness of that period. Three of the four main Parts (I, II, IV) describe the development of polyphony and its cultural contexts in many European countries, from the successors of Machaut (d. 1377) to the achievements of Josquin des Prez and his contemporaries working in Renaissance Italy around 1500. Part III, by contrast, illustrates the musical life of the institutions, and musical practices outside the realm of composed polyphony that were traditional and common all over Europe. The book proposes fresh views in each chapter, discussing dozens of musical examples adducing well-known and hitherto unknown documents, and referring to and evaluating the most recent scholarship in the field.
=648  \0$aMiddle Ages (500-1400)$1http://www.wikidata.org/entity/Q12554$920964
=648  \0$aRenaissance (1400-1600)$1http://www.wikidata.org/entity/Q4692$920965
=650  \0$aMusic history$1http://www.wikidata.org/entity/Q846047$921373
=651  \0$aEurope$1http://www.wikidata.org/entity/Q46$991
=942  \\$cBOO
=952  \\$00$10$2ddc$40$6GHM_3_000000000000000$70$8GHM$918778$aORPH$bORPH$cKM12_1$d2021-12-13$oGHM3$p20130578$r2021-01-12 00:00:00$w2021-01-12$yBOO
=999  \\$d18719

