=LDR  00961aam a2200181   4500
=001  18720
=005  20250109133045.0
=008  130326s1995\\\\\\\\\\\\\\\\\\\\\\0\e
=020  \\$a9780816627134
=041  \\$aeng
=100  \\$aHeilbron, Johan$4aut$919998
=245  \\$aThe rise of social theory
=260  \\$aMinneapolis$bUniversity of Minnesota Press$c1995
=300  \\$a317
=520  \\$aThe Rise of Social Theory offers a brilliant account of the origins of social theory and sociology, providing a vivid portrayal of intellectual culture between the Enlightenment and the age of Romanticism. It is a methodologically innovative work that combines social and intellectual history to examine changes in the social sciences, alone with the conditions under which these changes occurred
=942  \\$cBOO
=952  \\$00$10$2ddc$40$6PHI_HEIL_A$70$8PHI$918779$aORPH$bORPH$cKM12_3_2$d2021-08-05$g9.96$oPHI HEIL a$p20133124$r2021-01-12 00:00:00$w2021-01-12$yBOO
=999  \\$c18720$d18720

