=LDR  01634aam a2200205   4500
=001  18721
=005  20250109133045.0
=008  130326s1996\\\\\\\\\\\\\\\\\\\\\\0\eng\d
=020  \\$a9781402002540
=041  \\$aeng
=245  \\$aThe Rise of the Social Sciences and the Formation of Modernity:$bConceptual Change in Context, 1750-1850
=260  \\$aDordrecht$bKluwer Academic Publishers$c1996
=300  \\$a293 pages
=520  \\$aThis volume offers one of the first systematic analyses of the rise of modern social science. Contrary to the standard accounts of various social science disciplines, the essays in this volume demonstrate that modern social science actually emerged during the critical period between 1750 and 1850. It is shown that the social sciences were a crucial element in the conceptual and epistemic revolution, which parallelled and partly underpinned the political and economic transformations of the modern world. From a consistently comparative perspective, a group of internationally leading scholars takes up fundamental issues such as the role of the Enlightenment and the French Revolution in the shaping of the social sciences, the changing relationships between political theory and moral discourse, the profound transformation of philosophy, and the constitution of political economy and statistics.
=700  \\$aHeilbron, Johan$4edt$919998
=700  \\$aMagnusson, Lars$4edt$919999
=700  \\$aWittrock, Björn$4edt$920000
=942  \\$cBOO
=952  \\$00$10$2ddc$40$6PHI_HEIL_A$70$8PHI$918780$aORPH$bORPH$cKM12_3_2$d2021-08-05$g103.56$oPHI HEIL a$p20133125$r2021-01-12 00:00:00$w2021-01-12$yBOO
=999  \\$d18721

