=LDR  01616aam a2200241   4500
=001  18728
=005  20250925143305.0
=008  150317s2014\\\\\\\\\\\\\\\\\\\\\\0bdut\d
=020  \\$a9789090281513
=041  \\$adut
=100  \\$aLequeux, Marcel$4aut$920004
=245  \\$aRobert Herberigs:$bcomponist - schilder - schrijver, 1886-1974. Een merkwaardig kunstenaar in een woelig Vlaanderen
=260  \\$aKruishoutem$bEmka$c2014
=300  \\$a200 pages$eCD
=520  \\$aDe biografie over deze uitzonderlijke kunstenaar, is gesteund op getuigenissen van tijdgenoten, foto's en persartikels, brieven, programma's. Ze wil zo een beeld geven niet alleen van een kunstenaar en de mens, maar ook van de culturele, economische, politieke en maatschappelijke context waarin zijn werk ontstond.

Auteur van het boek is Marcel Lequeux, gewezen buitengewoon professor aan de Muziekkapel Koningin Elisabeth en gastdocent aan de ARTEZ-Hogeschol (Nederland), met medewerking van Vic Nachtergaele, Em. prof. dr. romaanse filologie, KuLeuven en Nikkie Herberigs kunsthistorica.
=600  \0$aHerberigs, Robert$d1886-1974$1http://www.wikidata.org/entity/Q2073316$917856
=648  \0$a20th Century (1901-2000)$1http://www.wikidata.org/entity/Q6927$920936
=650  \0$aComposer$1http://www.wikidata.org/entity/Q36834$93625
=650  \0$aBiography$1http://www.wikidata.org/entity/Q36279$91927
=651  \0$aFlanders (Belgium)$1http://www.wikidata.org/entity/Q234$989
=942  \\$cBOO
=952  \\$00$10$2ddc$40$6BIO_HERB_D$70$8BIO$918787$aORPH$bORPH$cKTS1_P$d2022-02-01$oBIO HERB d$p20129787$r2021-01-12 00:00:00$w2021-01-12$yBOO
=999  \\$d18728

