=LDR  01253aam a2200181   4500
=001  18732
=005  20250128161303.0
=008  130507s2010\\\\\\\\\\\\\\\\\\\\\\0\d
=020  \\$a9783552054929
=041  \\$ager
=100  \\$aGülke, Peter$d1934-$4aut$920008
=245  \\$aRobert Schumann: Glück und Elend der Romantik
=260  \\$aWien$bPaul Zsolnay Verlag$c2010
=300  \\$a270
=520  \\$aRobert Schumann, dessen Geburtstag sich 2010 zum 200. Mal jährt, ist eine der großen Gestalten der Romantik: Genie von höchster Produktivität, hingebungsvoller Ehemann, Vater von acht Kindern, manisch und depressiv - und jung gestorben in einer geschlossenen Anstalt. Peter Gülke widmet sich in dieser Biographie dem Pianisten und Komponisten von Klaviermusik und Kunstliedern, von Symphonien und Konzerten, dem Musikschriftsteller und Leser von Jean Paul und E.T.A. Hoffmann. Seinerseits ein leidenschaftlicher Musiker, erklärt er die schumannsche Musik und ihre Entstehungsbedingungen und setzt sich dabei kritisch auseinander mit manchem festgefügten Bild.

=942  \\$cBOO
=952  \\$00$10$2ddc$40$6BIO_SCHU2_D$70$8BIO$918791$aORPH$bORPH$cKTS1_P$d2021-10-19$g17.00$oBIO SCHU2 d$p20129797$r2021-01-12 00:00:00$w2021-01-12$yBOO$Vamazon.de
=999  \\$c18732$d18732

