=LDR  02579aam a2200181   4500
=001  18733
=005  20250109133045.0
=008  130419s1997\\\\\\\\\\\\\\\\\\\\\\0\e
=020  \\$a9780195091809
=041  \\$aeng
=100  \\$aDaverio, John$4aut$920009
=245  \\$aRobert Schumann: Herald of a "New poetic age"
=260  \\$aNew York$bOxford university press$c1997
=300  \\$a607
=520  \\$aForced by a hand injury to abandon a career as a pianist, Robert Schumann went on to become one of the world's great composers. Among many works, his Spring Symphony (1841), Piano Concerto in A Minor (1841/1845), and the Third, or Rhenish, Symphony (1850) exemplify his infusion of classical forms with intense, personal emotion. His musical influence continues today and has inspired many other famous composers in the century since his death. Indeed Brahms, in a letter of January 1873, wrote: "The remembrance of Schumann is sacred to me. I will always take this noble pure artist as my model."
Now, in Robert Schumann: Herald of a "New Poetic Age," John Daverio presents the first comprehensive study of the composer's life and works to appear in nearly a century. Long regarded as a quintessentially romantic figure, Schumann also has been portrayed as a profoundly tragic one: a composer who began his career as a genius and ended it as a mere talent. Daverio takes issue with this Schumann myth, arguing instead that the composer's entire creative life was guided by the desire to imbue music with the intellectual substance of literature. A close analysis of the interdependence among Schumann's activities as reader, diarist, critic, and musician reveals the depth of his literary sensibility. Drawing on documents only recently brought to light, the author also provides a fresh outlook on the relationship between Schumann's mental illness--which brought on an extended sanitarium stay and eventual death in 1856--and his musical creativity. Schumann's character as man and artist thus emerges in all its complexity. The book concludes with an analysis of the late works and a postlude on Schumann's influence on successors from Brahms to Berg.
This well-researched study of Schumann interprets the composer's creative legacy in the context of his life and times, combining nineteenth-century cultural and intellectual history with a fascinating analysis of the works themselves.
=942  \\$cBOO
=952  \\$00$10$2ddc$40$6BIO_SCHU2_D$70$8BIO$918792$aORPH$bORPH$cKTS1_P$d2021-10-19$g34.00$oBIO SCHU2 d$p20129867$r2021-01-12 00:00:00$w2021-01-12$yBOO$Vamazon.co.uk
=999  \\$c18733$d18733

