=LDR  02267aam a2200181   4500
=001  18735
=005  20250120120116.0
=008  140522s2013\\\\\\\\\\\\\\\\\\\\\\0\e
=020  \\$a9780226284699
=041  \\$aeng
=100  \\$aGeck, Martin$d1936-2019$4aut$1http://www.wikidata.org/entity/Q100880$917580
=245  \\$aRobert Schumann: The life and work of a romantic composer
=260  \\$aChicago$bUniversity of Chicago Press$c2013
=300  \\$a304
=520  \\$aRobert Schumann (181056) is one of the most important and representative composers of the Romantic era. Born in Zwickau, Germany, Schumann began piano instruction at age seven and immediately developed a passion for music. When a permanent injury to his hand prevented him from pursuing a career as a touring concert pianist, he turned his energies and talents to composing, writing hundreds of works for piano and voice, as well as four symphonies and an opera. Here acclaimed biographer Martin Geck tells the fascinating story of this multifaceted genius, set in the context of the political and social revolutions of his time. The image of Schumann the man and the artist that emerges in Gecks book is complex. Geck shows Schumann to be not only a major composer and music critiche cofounded and wrote articles for the controversial Neue Zeitschrift für Musik­­but also a political activist, the father of eight children, and an addict of mind-altering drugs. Through hard work and determination bordering on the obsessive, Schumann was able to control his demons and channel the tensions that seethed within him into music that mixes the popular and esoteric, resulting in compositions that require the creative engagement of reader and listener. The more we know about a composer, the more we hear his personality in his music, even if it is above all on the strength of his work that we love and admire him. Martin Gecks book on Schumann is not just another rehashing of Schumanns life and works, but an intelligent, personal interpretation of the composer as a musical, literary, and cultural personality.
=942  \\$cBOO
=952  \\$00$10$2ddc$40$6BIO_SCHU2_D$70$8BIO$918794$aORPH$bORPH$cKTS1_P$d2021-10-19$g25.37$oBIO SCHU2 d$p20129874$r2021-01-12 00:00:00$w2021-01-12$yBOO$Vamazon.com
=999  \\$c18735$d18735

