=LDR  02519aam a2200229   4500
=001  18741
=005  20250821151910.0
=008  180924s1888\\\\\\\\\\\\\\\\\\\\\\0\f
=041  \\$afre
=100  \\$4aut$aBlau, Edouard$920014
=245  \\$aLe roi d'Ys.$bOpéra en trois actes et cinq tableaux
=260  \\$aParis$bHartmann$c1888
=300  \\$a42 pages
=520  \\$aLe Roi d'Ys est un opéra en trois actes et cinq tableaux d'Édouard Lalo, composé sur un livret d'Édouard Blau (1836-1906).

Le livret est tiré de la légende bretonne de la ville d'Ys, capitale du royaume de Cornouaille, engloutie au large de Douarnenez dit la légende.

Acte I
Margared, la fille du roi d'Ys, est amoureuse de Mylio, mais promise au prince de Karnarc afin de sceller l'amitié des deux peuples. Pressée par sa sSur Rozenn, elle lui avoue que son cSur est pris mais sans révéler le nom de l'élu. Mylio, l'ami d'enfance des deux sSurs revient d'un long voyage et avoue son amour à Rozenn. Margared, qui vient d'apprendre le retour de Mylio refuse de se marier à Karnarc. Ce dernier lance un défi à Mylio.

Acte II
Margared apprend le sentiment qui unit Rozenn et Mylio. Ivre de rage, elle maudit les deux amants (récitatif et air de Margared). L'armée de Mylio a vaincu celle de Karnarc. Il est fêté à son retour par les habitants d'Ys. Margared propose à Karnarc de se venger en ouvrant les écluses qui protègent la ville des eaux. La statue de saint Corentin leur conjure de n'en rien faire.

Acte III
Au moment où l'on célèbre les noces de Mylio avec Rozenn (récitatif avec chSur et air de Mylio), l'eau s'engouffre dans les rues. Mylio tue Karnark. Margared, rongée de regrets et de remords, tente de rejoindre la foule qui s'est réfugiée sur la terre ferme et se jette à la mer, après avoir reconnu publiquement son crime. Saint Corentin apparaît, l'océan apaise sa fureur. Les îliens prient pour le salut de Margared.
=600  \0$aLalo, Edouard$d1823-1892$1http://www.wikidata.org/entity/Q224002$939481
=610  \0$aOpéra (Paris, France)$1http://www.wikidata.org/entity/Q283339$920898
=648  \0$a19th Century (1801-1900)$1http://www.wikidata.org/entity/Q6955$920935
=650  \0$aOpera$1http://www.wikidata.org/entity/Q1344$92468
=651  \0$aFrance$1http://www.wikidata.org/entity/Q142$9131
=942  \\$cBOO
=952  \\$00$10$2ddc$40$6KTS_1_000000000000000_C3_15_11$70$8RAR$918801$aORPH$bORPH$cKTS1_C3$d2021-09-08$oKTS1 C3.15 (11)$p20136436$r2021-01-12 00:00:00$w2021-01-12$yBOO
=999  \\$c18741$d18741

