=LDR  02609aam a2200229   4500
=001  18747
=005  20250120120046.0
=008  120907s1995\\\\\\\\\\\\\\\\\\\\\\0\eng
=020  \\$a9780674779341
=041  \\$aeng
=100  \\$aRosen, Charles$4aut$916526
=245  \\$aThe Romantic Generation
=260  \\$aCambridge, MA$bHarvard University Press$c1995
=300  \\$a723 pages
=520  \\$aWhat Charles Rosen's celebrated book The Classical Style did for music of the Classical period, this new, much-awaited volume brilliantly does for the Romantic era. An exhilarating exploration of the musical language, forms, and styles of the Romantic period, it captures the spirit that enlivened a generation of composers and musicians, and in doing so it conveys the very sense of Romantic music. In readings uniquely informed by his performing experience, Rosen offers consistently acute and thoroughly engaging analyses of works by Schubert, Schumann, Mendelssohn, Bellini, Liszt, and Berlioz, and he presents a new view of Chopin as a master of polyphony and large-scale form. He adeptly integrates his observations on the music with reflections on the art, literature, drama, and philosophy of the time, and thus shows us the major figures of Romantic music within their intellectual and cultural context.

Rosen covers a remarkably broad range of music history and considers the importance to nineteenth-century music of other cultural developments: the art of landscape, a changed approach to the sacred, the literary fragment as a Romantic art form. He sheds new light on the musical sensibilities of each composer, studies the important genres from nocturnes and songs to symphonies and operas, explains musical principles such as the relation between a musical idea and its realization in sound and the interplay between music and text, and traces the origins of musical ideas prevalent in the Romantic period. Rich with striking descriptions and telling analogies, Rosen's overview of Romantic music is an accomplishment without parallel in the literature, a consummate performance by a master pianist and music historian.
=648  \0$a19th Century (1801-1900)$1http://www.wikidata.org/entity/Q6955$920935
=650  \0$aMusic history$1http://www.wikidata.org/entity/Q846047$921373
=650  \0$aMusical analysis$1http://www.wikidata.org/entity/Q1544924$92775
=650  \0$aRomanticism$1http://www.wikidata.org/entity/Q37068$921719
=942  \\$cBOO
=952  \\$00$10$2ddc$40$6GHM_6_000000000000000$70$8GHM$918807$aORPH$bORPH$cKM12_1$d2021-11-23$oGHM6$p20130719$r2021-01-12 00:00:00$w2021-01-12$yBOO
=999  \\$d18747

