=LDR  00991aam a2200217   4500
=001  18748
=005  20250109133435.0
=008  120308s1984\\\\\\\\\\\\\\\\\\\\\\0\eng
=020  \\$a9780670548170
=041  \\$aeng
=245  \\$aRomanticism and Realism:$bThe Mythology of Nineteenth-Century Art
=260  \\$aNew York$bViking$c1984
=300  \\$a244 pages
=520  \\$aTraces the split during the early nineteenth century between avant-garde and academic art, examines the work of Caspar David Friedrich, Thomas Bewick, and Thomas Couture, and discusses the impact of photography on art
=648  \0$a19th Century (1801-1900)$1http://www.wikidata.org/entity/Q6955$920935
=650  \0$aFine art$1http://www.wikidata.org/entity/Q219625$921579
=700  \\$4aut$aRosen, Charles$916526
=700  \\$4aut$aZerner, Henri$920017
=942  \\$cBOO
=952  \\$00$10$2ddc$40$6VIS_ROSE$70$8VIS$918808$aORPH$bORPH$cKTS1_H$d2021-08-06$g22.00$oVIS ROSE$p20133180$r2021-01-12 00:00:00$w2021-01-12$yBOO
=999  \\$d18748

