=LDR  02211aam a2200181   4500
=001  18749
=005  20230123111046.0
=008  190205s2014\\\\\\\\\\\\\\\\\\\\\\0\eng
=041  \\$aeng
=100  \\$aScott, Anna$4aut$920018
=245  \\$aRomanticizing Brahms: early recordings and the reconstruction of Brahmsian identity
=260  \\$aLeiden$bAnna Scott$c2014
=300  \\$a346-lxxix pages
=500  \\$aProefschrift ter verkrijging van de graad van Doctor aan de Universiteit Leiden op gezag van de Rector Magnificus prof. mr. C.J.J.M. Stolker, volgens besluit van het College voor promoties te verdedigen op 11 december 2014.


=520  \\$aDespite most pianists' claims of historical deference and creative agency, their performances of Brahms's piano works are nothing like the early-recorded performances of the composer and his students: gaps that are mediated by understandings of Brahms's Classical canonic identity, the performance norms that protect that identity, and those norms' underlying aesthetic ideology of control. This predication of Brahmsian identity on restraint leaves the composer and his students in a precarious situation, as their recordings evidence an approach that is governed by the inhibitions typically associated with Romanticism. This volume seeks to problematize understandings of Brahms's identity: by investigating the origins and vestiges of the aesthetic ideology of control; by analysing and copying the recordings of pianists in the composer's inner circle; and by applying these pianists' styles in ways that are just as disruptive to modern notions of Brahmsian identity as their early-recorded models. In so doing, a thoroughly Romantic performance style emerges that catalyses a fundamental shift in understanding as related to Brahms's identity; thereby opening up a new palette of expressive and technical resources, and both elucidating and narrowing persistent gaps between modern and early-recorded Brahms style, as well as between what performers believe, know, and ultimately do.
=942  \\$cDIS
=952  \\$00$10$2ddc$40$6MTP_5_000000000000000_SCOT$70$8MTP$918809$aORPH$bORPH$cKM12_1$d2021-08-31$oMTP5 SCOT$p20131389$r2021-01-12 00:00:00$w2021-01-12$yDIS
=999  \\$d18749

