=LDR  00993aam a2200181   4500
=001  18754
=005  20250109133046.0
=008  120228s2004\\\\\\\\\\\\\\\\\\\\\\0\n
=020  \\$a9789035126282
=041  \\$adut
=100  \\$aDoorman, Maarten$4aut$920022
=245  \\$aDe romantische orde
=260  \\$aAmsterdam$bUitgeverij Bert Bakker$c2004
=300  \\$a283
=520  \\$aWe leven nog steeds in de romantiek en het lukt ons niet ons daaraan te ontworstelen. Mensen verlangen ernaar zichzelf te zijn en ze verlangen naar roes en het exotische. De liefde is la grande affaire de la vie. We zijn gefascineerd door het verleden, wantrouwen wetenschap en techniek, geloven in de beloften van de kunst. Het romantisch nationalisme staat weer hoog op de agenda van de multiculturele samenleving en een verenigd Europa. 

=942  \\$cBOO
=952  \\$00$10$2ddc$40$6PHI_DOOR_A$70$8PHI$918814$aORPH$bORPH$cKM12_3_2$d2021-08-05$g17.00$oPHI DOOR a$p20133089$r2021-01-12 00:00:00$w2021-01-12$yBOO
=999  \\$c18754$d18754

