=LDR  01252aam a2200205   4500
=001  18758
=005  20250121142132.0
=008  180924s1753\\\\\\\\\\\\\\\\\\\\\\0\fre
=041  \\$afre
=100  \\$aVadé, Jean-Joseph$d1719-1757$4aut$1http://www.wikidata.org/entity/Q315072$97870
=245  \\$aLe Rossignol.$bOpéra comique en un acte
=300  \\$a32-10 pages, music examples
=500  \\$aPenultimate page contains annotations in ink, written upside-down: "Le Rosignol [sic] | opera com | opera comique | de monsieur | Rouseau"
=590  \\$aDe Messieurs ******. Représenté pour la première fois le 15 septembre 1752, & jours suivans, jusqu'à la clôture du Théâtre du Faubourg Saint-Laurent; et continué le 3 février 1753, pour l'ouverture du Théâtre du Faubourg Saint-Germain. Le prix est de 24 sols
=610  \0$aOpéra-Comique (Paris, France)$1http://www.wikidata.org/entity/Q872222$920953
=648  \0$a18th Century (1701-1800)$1http://www.wikidata.org/entity/Q7015$920899
=650  \0$aOpera$1http://www.wikidata.org/entity/Q1344$92468
=942  \\$cBOO
=952  \\$00$10$2ddc$40$6KTS_1_000000000000000_C3_15_22$70$8RAR$918818$aORPH$bORPH$cKTS1_C3$d2021-09-08$oKTS1 C3.15 (22)$p20136438$r2021-01-12 00:00:00$w2021-01-12$yBOO
=999  \\$c18758$d18758

