=LDR  01498aam a2200193   4500
=001  18759
=005  20250109133046.0
=008  120111s2001\\\\\\\\\\\\\\\\\\\\\\0\e
=020  \\$a9780192801982
=041  \\$aeng
=100  \\$aWokler, Robert$4aut$920025
=245  \\$aRousseau: A very short introduction
=260  \\$aOxford$bOxford university press$c2001
=300  \\$a171
=520  \\$aOne of the most profound thinkers of modern history, Jean-Jacques Rousseau (1712-78) was a central figure of the European Enlightenment. He was also its most formidable critic, condemning the political, economic, theological, and sexual trappings of civilization along lines that would excite the enthusiasm of romantic individualists and radical revolutionaries alike. In this study of Rousseau's life and works, Robert Wolker shows how his philosophy of history, his theories of music and politics, his fiction, educational, and religious writings, and even his botany, were all inspired by revolutionary ideals of mankind's self-realization in a condition of unfettered freedom. He explains how, in regressing to classical republicanism, ancient mythology, direct communication with God, and solitude, Rousseau anticipated some post-modernist rejections of the Enlightenment as well.
=490  \\$aVery short introductions$v48
=942  \\$cBOO
=952  \\$00$10$2ddc$40$6PHI_ROUS_B_WOKL$70$8PHI$918819$aORPH$bORPH$cKM12_3_2$d2021-08-06$oPHI ROUS b WOKL$p20133192$r2021-01-12 00:00:00$w2021-01-12$yBOO
=999  \\$c18759$d18759

