=LDR  01762aam a2200193   4500
=001  18766
=005  20250109133046.0
=008  130916s2013\\\\\\\\\\\\\\\\\\\\\\0\e
=020  \\$a9780415257213
=041  \\$aeng
=100  \\$4Auteur$aAllain, Paul$920034
=100  \\$4Auteur$aJen, Harvie$920035
=245  \\$aThe Routledge companion to theater and performance
=260  \\$aLondon$bRoutledge$c2013
=300  \\$a244
=520  \\$aWhat is theatre? What is performance? What are their connections and differences? What events, people, practices and ideas have shaped theatre and performance in the twentieth century, and, importantly, where are they heading next?

Proposing answers to these big questions, The Routledge Companion to Theatre and Performance provides an informative and engaging introduction to the significant people, events, concepts and practices that have defined the complementary fields of theatre and performance studies.

Including over 120 entries in three easy-to-use, alphabetical sections, this fascinating text presents a wide range of individuals and topics, such as:

performance artist Marina Abramovic
directors Vsevolod Meyerhold and Robert Wilson
The Living Theatres Paradise Now
the haka
multimedia performance
political protest
visual theatre.
With each entry containing crucial historical and contextual information, extensive cross-referencing, detailed analysis, and an annotated bibliography, The Routledge Companion to Theatre and Performance is undoubtedly a perfect reference guide for the keen student and the passionate theatre-goer alike.
=942  \\$cBOO
=952  \\$00$10$2ddc$40$6LIT_ALLA_A$70$8LIT$918826$aORPH$bORPH$cKM12_2_H$d2021-08-30$g20.71$oLIT ALLA a$p20131307$r2021-01-12 00:00:00$w2021-01-12$yBOO
=999  \\$c18766$d18766

