=LDR  02213aam a2200193   4500
=001  18767
=005  20250620103353.0
=008  190205s2019\\\\\\\\\\\\\\\\\\\\\\0\e
=020  \\$a9781409455974
=041  \\$aeng
=100  \\$aImpett, Jonathan$4aut$1https://orcid.org/0000-0002-6525-2095$916357
=245  \\$aRoutledge Handbook to Luigi Nono and Musical Thought
=260  \\$aOxon$bRoutledge$c2019
=300  \\$a527 p.
=520  \\$aOf the post-war, post-serialist generation of European composers, it was Luigi Nono who succeeded not only in identifying and addressing aesthetic and technical questions of his time, but in showing a way ahead to a new condition of music in the twenty-first century. His music has found a listenership beyond the ageing constituency of contemporary music. In Nonos work, the audiences of sound art, improvisation, electronic, experimental and radical musics of many kinds find common cause with those concerned with the renewal of Western art music. His work explores the individually and socially transformative role of music; its relationship with history and with language; the nature of the musical work as distributed through text, time, technology and individuals; the nature and performativity of the act of composition; and, above all, the role and nature of listening as a cultural activity. In many respects his music anticipates the new technological state of culture of the twenty-first century while radically reconnecting with our past. His work is itself a case study in the evolution of musical activity and the musical object: from the period of an apparently stable place for art music in Western culture to its manifold new states in our century. Routledge Handbook to Luigi Nono and Musical Thought seeks to trace the evolution of Nonos musical thought through detailed examination of the vast body of sketches, and to situate this narrative in its personal, cultural and political contexts.
=600  \0$aNono, Luigi$d1924-1990$1http://www.wikidata.org/entity/Q160451$917010
=942  \\$cBOO
=952  \\$00$10$2ddc$40$6BIO_NONO_E$70$8BIO$918827$aORPH$bORPH$cKTS1_P$d2021-10-19$l1$oBIO NONO e$p20129805$r2021-05-17 00:00:00$s2021-05-04$w2021-01-12$yBOO
=999  \\$c18767$d18767

