=LDR  00482aam a2200157   4500
=001  18774
=005  20251009081722.0
=008  140425s1973\\\\\\\\\\\\\\\\\\\\\\0\e
=041  \\$aeng
=100  \\$4edt$aDouglas, Mary$920041
=245  \\$aRules & meanings
=260  \\$aRingwood$bPenguin Books$c1973
=300  \\$a319
=942  \\$cBOO
=952  \\$00$10$2ddc$40$6PHI_DOUG_A$70$8PHI$918834$aORPH$bORPH$cKM12_3_2$d2021-08-05$oPHI DOUG a$p20133088$r2021-01-12 00:00:00$w2021-01-12$yBOO
=999  \\$c18774$d18774

