=LDR  01328aam a2200181   4500
=001  18775
=005  20250120120049.0
=008  120328s2002\\\\\\\\\\\\\\\\\\\\\\0\e
=020  \\$a9781861974297
=041  \\$aeng
=100  \\$aGiddens, Anthony$4aut$916637
=245  \\$aRunaway world: How globalisation is reshaping our lives
=260  \\$aLondon$bProfile Books$c2002
=300  \\$a104
=520  \\$aThe most accessible book yet by one of the most influential thinkers of our time, Runaway World evaluates the ever-increasing impact of globalization today. Extending his arguments beyond the merely economic, Giddens shows how our growing interdependence directly affects our everyday lives. Neither a cheerleading endorsement of emerging markets, nor a fearful rant on the growth of terrorism or loss of American jobs, this is a book about a world that grows smaller every day, and how those changes are affecting our culture, our traditions, our families, and our politics. Identifying globalization as a true cultural force, this eloquent and important volume is the starting point for anyone concerned about our increasingly interconnected world.
 

=942  \\$cBOO
=952  \\$00$10$2ddc$40$6PHI_GIDD_A$70$8PHI$918835$aORPH$bORPH$cKM12_3_2$d2021-08-11$g6.99$oPHI GIDD a$p20133702$r2021-01-12 00:00:00$w2021-01-12$yBOO
=999  \\$c18775$d18775

