=LDR  01197aam a2200193   4500
=001  18776
=005  20250109133046.0
=008  120111s2002\\\\\\\\\\\\\\\\\\\\\\0\e
=020  \\$a9780192802583
=041  \\$aeng
=100  \\$aGrayling, A.C.$4aut$920042
=245  \\$aRussell: A very short introduction
=260  \\$aOxford$bOxford university press$c2002
=300  \\$a147
=520  \\$aBertrand Russell (1872-1970) is one of the most famous and important philosophers of the twentieth century. In this account of his life and work A. C. Grayling introduces both his technical contributions to logic and philosophy, and his wide-ranging views on education, politics, war, and sexual morality. Russell is credited with being one of the prime movers of Analytic Philosophy, and with having played a part in the revolution in social attitudes witnessed throughout the twentieth-century world. This introduction gives a clear survey of Russell's achievements across their whole
=490  \\$aVery short introductions$v59
=942  \\$cBOO
=952  \\$00$10$2ddc$40$6PHI_RUSS_B_GRAY$70$8PHI$918836$aORPH$bORPH$cKM12_3_2$d2021-08-09$oPHI RUSS b GRAY$p20133353$r2021-01-12 00:00:00$w2021-01-12$yBOO
=999  \\$c18776$d18776

