=LDR  00781aam a2200169   4500
=001  18777
=005  20230123111050.0
=008  111018s1995\\\\\\\\\\\\\\\\\\\\\\0\d
=020  \\$a3928864246
=041  \\$ager
=100  \\$aFlamm, Christoph$4aut$920043
=245  \\$aDer russische Komponist Nikolaj Metner : Studien und Materialien : mit einem ausführlichen Werkverzeichnis, einem vollständigen Verzeichnis der von ihm selbst eingespielten Schallplattenaufnahmen und einer "Bibliographie der internationalen Literatur über Nikolaj Metner von 1903 bis 1994"
=260  \\$aBerlin$bErnst Kuhn$c1995
=300  \\$a690
=942  \\$cBOO
=952  \\$00$10$2ddc$40$6BIO_METN_E$70$8BIO$918837$aORPH$bORPH$cKTS1_P$d2021-10-19$oBIO METN e$p20129862$r2021-01-12 00:00:00$w2021-01-12$yBOO
=999  \\$c18777$d18777

