=LDR  01865aam a2200229   4500
=001  18780
=005  20250120120041.0
=008  151124s2000\\\\\\\\\\\\\\\\\\\\\\0\fre
=020  \\$a9782841742158
=041  \\$afre
=100  \\$aSauvanet, Pierre$4aut$920044
=245  \\$aLe Rythme et la raison
=260  \\$aParis$bKimé$c2000
=300  \\$a2 vols. (245+248 pages)
=505  \\$gI. Rythmologiques$gII: Rythmanalyses
=520  \\$aRhythm and Reason is a philosophical approach to rhythmic phenomena. ‘Rhythmic' phenomena, that is to say not only aesthetic (poetry, music, the plastic arts, etc.), but also anthropological, biological, even cosmological... A ‘philosophical’ approach, because the question is whether, in all these fields, the same word ‘rhythm’ really means the same thing: the question is that of the relationship between the different rhythms, which must be the subject of a definition of concepts. ‘And finally, ‘approach’, because rhythm defined in this way is not an object: it remains a living phenomenon, which reason can only attempt to explain. Volume 1, Rythmologiques, contains a typology, a phenomenology and a terminology (+appendix of definitions). Volume 2, Rythmanalyses, contains aesthetic and ethical analyses (+bibliography, discography and index). (Translated with DeepL.com)
=650  \0$aPhilosophy$1http://www.wikidata.org/entity/Q5891$92357
=650  \0$aRhythm$1http://www.wikidata.org/entity/Q170406$92724
=942  \\$cBOO
=952  \\$00$10$2ddc$3Tome I$40$6PHI_SAUV_A$70$8PHI$918840$aORPH$bORPH$cKM12_3_2$d2015-11-16$g19.00$l1$oPHI SAUV a$p20143841$r2024-10-08 10:33:44$s2021-03-12$w2021-01-12$yBOO$Vamazon.de
=952  \\$00$10$2ddc$3Tome II$40$6PHI_SAUV_A$70$8PHI$918841$aORPH$bORPH$cKM12_3_2$d2016-02-02$g150.00$l1$oPHI SAUV a$p20143842$r2024-10-08 12:17:40$s2021-03-12$w2021-01-12$yBOO$Vamazon.fr
=999  \\$d18780

