=LDR  02061aam a2200217   4500
=001  18782
=005  20250120120041.0
=008  140221s1999\\\\\\\\\\\\\\\\\\\\\\0\fre\d
=020  \\$a9782130503606
=041  \\$afre
=100  \\$aSauvanet, Pierre$4aut$920044
=245  \\$aLe Rythme grec d'Héraclite à Aristote
=260  \\$aParis$bPresses Universitaires de France$c1999
=300  \\$a127 pages
=520  \\$aWe are most familiar with Plato's definition of Greek rhythm: the order of movement, i.e. the order manifested by the moving body in dance. We often overlook the fact that the term rhythm, in its various linguistic guises, runs through the whole of Greek philosophy, and that it does not just have the musical meaning we know. For Democritus, it was an original concept used to designate the shape of moving atoms, and for certain sophists, it characterised material nature. With Plato and Arisotle, rhythm definitively took on its musical and poetic meaning. Systematic recourse to the texts shows that the term rhythm first characterised ‘form or figure in their relation to time’. It could be said that Greek rhythm is special in that it lies at the crossroads of space and time, order and movement, and is in a sense a ‘temporalised spatial form’. But what is rhuthmos? The author's hypothesis is that rhuthmos, derived from the verb rheo (to flow), is philosophically linked to the panta rhei, everything flows. In this hypothesis, which remains to be developed in this essay, rhuthmos clearly becomes an issue in the philosophical debate of ancient Greece. (Translated with DeepL.com)
=648  \0$aClassical Antiquity (8th Century BC-6th Century AD)$1http://www.wikidata.org/entity/Q486761$921435
=650  \0$aRhythm$1http://www.wikidata.org/entity/Q170406$92724
=650  \0$aPhilosophy$1http://www.wikidata.org/entity/Q5891$92357
=942  \\$cBOO
=952  \\$00$10$2ddc$40$6PHI_SAUV_A$70$8PHI$918842$aORPH$bORPH$cKM12_3_2$d2014-02-17$g116.00$l1$oPHI SAUV a$p20143840$r2024-10-08 10:33:16$s2021-03-12$w2021-01-12$yBOO$Vamazon.fr
=999  \\$d18782

