=LDR  01612aam a2200229   4500
=001  18783
=005  20250120120207.0
=008  140226s2012\\\\\\\\\\\\\\\\\\\\\\0\fre\d
=020  \\$a9782359350296
=041  \\$afre
=245  \\$aRythme, langue, discours
=260  \\$aLimoges$bLambert-Lucas$c2012
=300  \\$a218 pages
=520  \\$aC'est à partir de larticle d'Émile Benveniste de 1951 (« La notion de rythme dans son expression linguistique ») qu'Henri Meschonnic problématise en 1982 la notion de rythme et en étudie la dimension linguistique (Critique du rythme : anthropologie historique du langage). Profond renouvellement du thème, source de réflexion pour tous, Critique du rythme est aussi le lieu dune ouverture, un appel au dépassement. Dans cet esprit, le présent ouvrage rassemble, autour d'un même projet critique, des contributions d'orientations théoriques diverses ouvrant de nouvelles perspectives. Le recueil se distribue en trois volets : rapports entre rythme et langue, rapports entre rythme et texte/discours, et enfin rapports entre rythme et énonciation ou traduction.
=650  \0$aLinguistics$1http://www.wikidata.org/entity/Q8162$93902
=650  \0$aRhythm$1http://www.wikidata.org/entity/Q170406$92724
=700  \\$4edt$aBigot, Michèle$920045
=700  \\$4edt$aSadoulet, Pierre$920046
=856  \\$uhttp://www.lambert-lucas.com/wp-content/uploads/2018/10/Rythme_langue_oa_tr.pdf
=942  \\$cBOO
=952  \\$00$10$2ddc$40$6HUM_BIGO$70$8HUM$918843$aORPH$bORPH$cKM12_1$d2014-02-19$l1$oHUM BIGO$p20139114$r2022-06-08 00:00:00$s2021-03-12$v22.91$w2014-02-19$yBOO
=999  \\$d18783

