=LDR  00569aam a2200157   4500
=001  18792
=005  20250109133046.0
=008  120910s1979\\\\\\\\\\\\\\\\\\\\\\0\d
=041  \\$ager
=100  \\$4Editor$aSailer, John$920050
=100  \\$4Editor$aWimmer, Gabriele$920051
=245  \\$aSammlung Hahn: Museum Moderner Kunst
=260  \\$aWien$bGesellschaft der Freunde des Museum Moderner Kunst$c1979
=942  \\$cBOO
=952  \\$00$10$2ddc$40$6VIS_SAIL$70$8VIS$918852$aORPH$bORPH$cKTS1_H$d2022-09-22$g12.00$l0$oVIS SAIL$p20126035$r2021-01-12 00:00:00$w2021-01-12$yBOO
=999  \\$c18792$d18792

