=LDR  02040aam a2200181   4500
=001  18793
=005  20250109133046.0
=008  150421s1992\\\\\\\\\\\\\\\\\\\\\\0\e
=020  \\$a9780195090581
=041  \\$aeng
=100  \\$aHeyman, Barbara B.$4aut$920052
=245  \\$aSamuel Barber: The composer and his music
=260  \\$aOxford$bOxford university press$c1992
=300  \\$a586
=520  \\$aSamuel Barber (1910-1981) was one of the most important and honored American composers of the twentieth century. Writing in a great variety of musical forms--symphonies, concertos, operas, vocal music, and chamber music--he infused his works with poetic lyricism and gave tonal language and forms new vitality. His rich legacy includes such famous compositions as the Adagio for Strings, the orchestral song Knoxville: Summer of 1915, three concertos, and his two operas, the Pulitzer Prize-winning Vanessa and Antony and Cleopatra, a commissioned work that opened the new Metropolitan Opera House at Lincoln Center. Generously documented by letters, sketchbooks, original musical manuscripts, and interviews with friends, colleagues and performers with whom he worked, this is the first book to cover Barber's entire career and all of his compositions. The biographical material on Barber is closely interspersed with a discussion of his music, displaying Barber's creative processes at work from his early student compositions to his mature masterpieces. Heyman also provides the social context in which this major composer grew: his education, how he built his career, the evolving musical tastes of American audiences, his relationship to musical giants like Serge Koussevitzky, and the role of radio in the promotion of his music. A testament to the significance of the new Romanticism, Samuel Barber stands as a model biography of an important American musical figure
=942  \\$cBOO
=952  \\$00$10$2ddc$40$6BIO_BARB1_D$70$8BIO$918853$aORPH$bORPH$cKTS1_P$d2022-03-11$oBIO BARB1 d$p20129612$r2021-01-12 00:00:00$w2021-01-12$yBOO
=999  \\$c18793$d18793

