=LDR  02386acm a2200349   4500
=001  18794
=005  20250120120610.0
=008  201021s1909\\\\\\\\\k\\\\\\\\\\\\0\fre\d
=041  \\$afre
=059  \\$avv pf
=100  \\$aMassenet, Jules$d1842-1912$4cmp$1http://www.wikidata.org/entity/Q194436$917963
=245  \\$aSapho.$bPièce lyrique en cinq actes
=260  \\$aParis$bAu Ménestrel$c[1909]
=300  \\$a253 pages$binterleaves, manuscript
=500  \\$aVocal score with a handwritten mise en scène on interleaves, some containing cut-out fragments (mostly floorplans) on chalk paper from the mise en scène by Albert Carré edited by E. Carbonne and printed by Delanchy in 1909. Further exemplars of the mise en scène are preserved at the Bibliothèque de l'Association de la Régie Théâtrale, Bibliothèque historique de la Ville de Paris, S 17 (I-III).
=533  \\$aDigitized by iGuana, Spring 2022
=534  \\$aPremiered at the Opéra-Comique, Paris, 27 November 1897, with a mise en scène by Léon Carvalho. Revised for the same venue, January 1909, with a mise en scène by Albert Carré
=561  \\$aEx libris Norgas (ms.), Paul-Edmond E. Bellevaut (stamp) and an unnamed collector (stamp showing two hands and a globe)
=600  \0$aDaudet, Alphonse$d1840-1897$1http://www.wikidata.org/entity/Q228546$924565
=610  \0$aOpéra-Comique (Paris, France)$1http://www.wikidata.org/entity/Q872222$920953
=648  \0$a19th Century (1801-1900)$1http://www.wikidata.org/entity/Q6955$920935
=650  \0$aOpera$1http://www.wikidata.org/entity/Q1344$92468
=650  \0$aStaging$1http://www.wikidata.org/entity/Q3508687$922118
=651  \0$aFrance$1http://www.wikidata.org/entity/Q142$9131
=700  \\$4lbt$aCaïn, Henri$d1859-1937$1http://www.wikidata.org/entity/Q946300$920646
=700  \\$4lbt$aBernède, Arthur$d1871-1937$1http://www.wikidata.org/entity/Q708647$921006
=700  \\$4drt$aCarvalho, Léon$d1825-1897$1http://www.wikidata.org/entity/Q446077$924566
=700  \\$4drt$aCarré, Albert$d1852-1938$1http://www.wikidata.org/entity/Q2831021$924567
=856  \\$uhttps://drive.google.com/drive/folders/122_JWxrtpwjL6u0h_USnduYqCc8cXFUc$3Koopman Digital
=942  \\$cSCO
=952  \\$00$10$2ddc$40$6KTS_1_000000000000000_H_03_012$70$8RAR$918854$aORPH$bORPH$cKTS1_H$d2022-08-03$oKTS1 H.03.012$p20130129$r2021-01-12 00:00:00$w2021-01-12$ySCO
=999  \\$d18794

