=LDR  01253aam a2200169   4500
=001  18795
=005  20250120120055.0
=008  120308s2005\\\\\\\\\\\\\\\\\\\\\\0\\\\
=020  \\$a9789028935617
=100  \\$aWelten, Ruud$4aut$916909
=245  \\$aSartre: Een hedendaagse inleiding
=260  \\$aKapellen$bKlement$c2005
=300  \\$a189
=520  \\$aHet boek besteedt aandacht aan de verschillende fasen en aspecten van Sartres denken. Zo komen natuurlijk Het zijn een het niet en Het existentialisme is een humanisme ter sprake, maar wordt ook ruimschoots aandacht geschonken aan zijn latere werk Kritiek van de dialectische rede en zijn magistrale studie over de Franse schrijver Gustave Flaubert. Er wordt onderzocht waaruit nu eigenlijk precies Sartres idee van engagement bestaat, wat de relatie is tussen zijn filosofie en zijn literatuur en wat de actuele waarde is van zijn kritiek op de religie. Zijn opmerkelijke en immer actuele leer over de emotie komt ter sprake, de rol van de fenomenologie in zijn vroege werk en zijn onvoltooide geschriften over een moraal
=942  \\$cBOO
=952  \\$00$10$2ddc$40$6PHI_SART_B_WELT$70$8PHI$918855$aORPH$bORPH$cKM12_3_2$d2021-08-10$oPHI SART b WELT$p20133534$r2021-01-12 00:00:00$w2021-01-12$yBOO
=999  \\$c18795$d18795

