=LDR  02515aam a2200253   4500
=001  18797
=005  20250109133531.0
=008  191203s2019\\\\\\\\\\\\\\\\\\\\\\0\fre
=020  \\$a9782729709570
=041  \\$afre
=245  \\$aScènes baroques d'aujourd'hui :$bla mise en scène baroque dans le paysage culturel contemporain
=260  \\$aLyon$bPresses universitaires de Lyon$c2019
=300  \\$a312 pages
=490  \\$aThéâtre société
=520  \\$aTout le monde connaît les pièces de Molière ou de Corneille ; ce sont ces "classiques" et d'autres oeuvres moins célèbres des XVIe, XVIIe et XVIIIe siècles que le mouvement artistique baroque se réapproprie en explorant les codes de jeu, les gestes et les modes de profération des interprètes de l'époque. Cet ouvrage a pour objectif de dresser un état des lieux de la mise en scène baroque aujourd'hui. Or l'entreprise n'est pas neutre, car le baroque contemporain fait l'objet de débats féroces, aussi bien en ce qui concerne sa définition que sa réception. L'analyse se construit autour de plusieurs thèmes l'importance des autres arts vivants se réclamant du courant baroque, notamment la musique et la danse, le râle éducatif de ce mouvement théâtral et sa place au sein de l'institution. Elle se nourrit d'une comparaison avec le théâtre élisabéthain outre-Manche et de témoignages d'artistes contemporains, parmi lesquels Eugène Green. S'appuyant sur une réflexion collective où se font entendre plusieurs voix, venues de la scène ou des universités, des salles de classe ou des sociétés de production, ce livre élabore une cartographie précise des interrogations qui irriguent la mise en scène baroque aujourd'hui. Les champs du savoir et du spectacle vivant sont ainsi réunis, s'éclairant l'un l'autre et témoignant de la réussite de ce projet, car c'est de cette façon qu'est né et que continue de s'inventer le théâtre baroque.
=648  \0$a21st Century (2001-2100)$1http://www.wikidata.org/entity/Q6939$920812
=650  \0$aStaging$1http://www.wikidata.org/entity/Q3508687$922118
=650  \0$aBaroque$1http://www.wikidata.org/entity/Q37853$921255
=650  \0$aTheater criticism$1http://www.wikidata.org/entity/Q2416230$921632
=700  \\$aCandiard, Céline$4edt$920055
=700  \\$aGasquet, Julia Gros de$4dub$920056
=942  \\$cBOO
=952  \\$00$10$2ddc$40$6LIT_CAND_A$70$8LIT$918857$aORPH$bORPH$cKM12_2_H$d2021-08-30$g20.00$oLIT CAND a$p20131308$r2021-01-12 00:00:00$w2021-01-12$yBOO
=999  \\$d18797

