=LDR  01249aam a2200181   4500
=001  18799
=005  20250109133055.0
=008  180221s2011\\\\\\\\\\\\\\\\\\\\\\0\d
=020  \\$a9783837616767
=041  \\$ager
=100  \\$aValerie, Susanne$4aut$920740
=245  \\$aSchauspieler außer sich: exponiertheit und performative Kunst
=260  \\$aBielefeld$bTranscript verlag$c2011
=300  \\$a160
=520  \\$aSchauspieler außer sich
Exponiertheit und performative Kunst. Eine feminine Recherche
»Warum wollen Sie Schauspieler werden?«  Zwischen philosophischen Reflexionen und plastisch erzählender Form über die Kunst des Schauspielens wendet sich dieser Text an Wissenschaftler_innen und Praktiker_innen gleichermaßen.
Im Fokus des Buches steht der Schauspieler als Akteur, der sich in sein Äußerstes riskiert. Glückt ihm das, wird er selbst zur anschaulichen Stätte für das fragile Exponiertsein des Menschen, das sich in ihm eine Maske sucht  vor den Augen und den Ohren Anderer.
Wäre solches Außer-sich-Sein nicht die musische Atemwende performativer Kunst?
=942  \\$cBOO
=952  \\$00$10$2ddc$40$6LIT_VALE_A$70$8LIT$918859$aORPH$bORPH$cKM12_2_H$d2021-08-30$oLIT VALE a$p20131310$r2021-01-12 00:00:00$w2021-01-12$yBOO
=999  \\$c18799$d18799

