=LDR  00548aam a2200157   4500
=001  18805
=005  20230123111052.0
=008  150521s1915\\\\\\\\\\\\\\\\\\\\\\0\n
=041  \\$adut
=100  \\$aClay, J.$4aut$920061
=245  \\$aSchets eener kritische geschiedenis van het begrip der natuurwet in de nieuwere wijsbegeerte
=260  \\$aLeiden$bE.J. Brill$c1915
=300  \\$a394
=942  \\$cBOO
=952  \\$00$10$2ddc$40$6PHI_CLAY_A$70$8PHI$918865$aORPH$bORPH$cKM12_3_2$d2021-08-11$oPHI CLAY a$p20133616$r2021-01-12 00:00:00$w2021-01-12$yBOO
=999  \\$c18805$d18805

