=LDR  01033aam a2200181   4500
=001  18813
=005  20250109132730.0
=008  120314s1992\\\\\\\\\\\\\\\\\\\\\\0\e
=020  \\$a9780521387156
=041  \\$aeng
=100  \\$aDunsby, Jonathan$4aut$918877
=245  \\$aSchoenberg: Pierrot Lunaire
=260  \\$aCambridge$bCambridge University Press$c1992
=300  \\$a84
=520  \\$aPierrot lunaire (1912) is one of the most important music theater works ever written. This is the first guide in English to a work that continues to be performed, broadcast, and recorded worldwide. The book describes the artistic environment around the turn of the century from which Pierrot emerged, and discusses Schoenberg's working methods and intentions in composition. In a clear and imaginative description of the work itself, the author takes each of the twenty.
=942  \\$cBOO
=952  \\$00$10$2ddc$40$6BIO_SCHO1_E$70$8BIO$918873$aORPH$bORPH$cKTS1_P$d2021-10-19$g6.95$oBIO SCHO1  e$p20129908$r2021-01-12 00:00:00$w2021-01-12$yBOO
=999  \\$c18813$d18813

