=LDR  01707aam a2200193   4500
=001  18814
=005  20230123111053.0
=008  110913s2007\\\\\\\\\\\\\\\\\\\\\\0\e
=020  \\$a9780521851664
=041  \\$aeng
=100  \\$aCherlin, Michael$4aut$920064
=245  \\$aSchoenberg's musical imagination
=260  \\$aCambridge$bCambridge University Press$c2007
=300  \\$a397
=520  \\$aNo composer was more responsible for changes in the landscape of twentieth-century music than Arnold Schoenberg (1874-1951) and no other composer's music inspired a commensurate quantity and quality of technical description in the second half of the twentieth century. Yet there is still little understanding of the correlations between Schoenberg's musical thought and larger questions of cultural significance in and since his time: the formalistic descriptions of music theory do not generally engage larger questions in the history of ideas and scholars without understanding of the formidable musical technique are ill-equipped to understand the music with any profundity of thought. Schoenberg's Musical Imagination is intended to connect Schoenberg's music and critical writings to a larger world of ideas. While most technical studies of Schoenberg's music are limited to a single compositional period, this book traces changes in his attitudes as a composer and their impact on his ever-changing compositional style over the course of his remarkable career.
=490  \\$aMusic in the twentieth century$v20
=942  \\$cBOO
=952  \\$00$10$2ddc$40$6BIO_SCHO1_E$70$8BIO$918874$aORPH$bORPH$cKTS1_P$d2021-10-19$oBIO SCHO1 e$p20129850$r2021-01-12 00:00:00$w2021-01-12$yBOO$VCambridge university press
=999  \\$c18814$d18814

