=LDR  00549aam a2200169   4500
=001  18817
=005  20230123111053.0
=008  150520s\\\\\\\\\\\\\\\\\\\\\\\\\\0\d
=041  \\$ager
=100  \\$aBischer, Friedrich Theodor$4aut$920066
=245  \\$aDas schöne in natur und geschichte
=260  \\$aBerlin$bDeutsche bibliothek
=260  \\$aLeipzig$bSpamerschen
=300  \\$a359
=942  \\$cBOO
=952  \\$00$10$2ddc$40$6PHI_BISC_A$70$8PHI$918877$aORPH$bORPH$cKM12_3_2$d2021-08-11$oPHI BISC a$p20133609$r2021-01-12 00:00:00$w2021-01-12$yBOO
=999  \\$c18817$d18817

