=LDR  00497aam a2200157   4500
=001  18818
=005  20250109133046.0
=008  161205s1936\\\\\\\\\\\\\\\\\\\\\\0\d
=041  \\$ager
=100  \\$aHaecker, Theodor$4aut$920067
=245  \\$aSchönheit: ein Versuch
=260  \\$aLeipzig$bVerlag Jakob Hegner$c1936
=300  \\$a151
=942  \\$cBOO
=952  \\$00$10$2ddc$40$6PHI_HAEC_A$70$8PHI$918878$aORPH$bORPH$cKM12_3_2$d2021-08-11$oPHI HAEC a$p20133714$r2021-01-12 00:00:00$w2021-01-12$yBOO
=999  \\$c18818$d18818

