=LDR  00969aam a2200193   4500
=001  18819
=005  20250109133512.0
=008  190506s1949\\\\\\\\\\\\\\\\\\\\\\0\dut
=041  \\$adut
=100  \\$aSmits van Waesberghe, Joseph$d1901-1986$4aut$1http://www.wikidata.org/entity/Q3439934$918704
=245  \\$aSchool en muziek in de middeleeuwen:$bde muziekdidactiek van de vroege middeleeuwen
=260  \\$aAmsterdam$bUitgeversmaatschappij Holland$c1949
=300  \\$a174 pages
=648  \0$aMiddle Ages (500-1400)$1http://www.wikidata.org/entity/Q12554$920964
=650  \0$aMusic education$1http://www.wikidata.org/entity/Q27908$921766
=942  \\$cBOO
=952  \\$00$10$2ddc$40$6GHM_3_000000000000000$70$8GHM$911173$aORPH$bORPH$cKM12_1$d2020-07-08$eKoopman$i20C34$oGHM3$p20128079$r2021-01-12 00:00:00$w2021-01-12$yBOO
=952  \\$00$10$2ddc$40$6GHM_3_000000000000000$70$8GHM$918879$aORPH$bORPH$cKM12_1$d2021-11-19$oGHM3$p20131116$r2021-01-12 00:00:00$w2021-01-12$yBOO
=999  \\$d18819

