=LDR  01443aam a2200193   4500
=001  18820
=005  20250109133046.0
=008  130416s2008\\\\\\\\\\\\\\\\\\\\\\0\d
=020  \\$a9783254083760
=041  \\$ager
=100  \\$aMeyer, Krzysztof$4aut$920069
=245  \\$aSchostakowitsch: Sein Leben, sein Werk, seine Zeit: Überarbeitete Neuausgabe; Aus dem Polnischen von Nina Kozlowski
=260  \\$aMainz$bSchott$c2008
=300  \\$a601
=520  \\$aMehr als jedes andere kompositorische Lebenswerk der Musikgeschichte wurzelt Schostakowitschs Schaffen im politischen Umfeld seiner Epoche. Fast jedes seiner größeren Werke antwortet auf Ereignisse in seinem Land. Trotz zahlreicher Kommentare des Komponisten selbst und seiner Freunde war der programmatische Gehalt der Werke jedoch lange nicht vollständig erhellt. Krysztof Meyer, ein Freund des Komponisten und intimer Kenner seines Werkes, hat mit diesem Standardwerk, das nun als überarbeitete Neuausgabe vorliegt, eine erste und umfassende Synthese der widersprüchlichen Informationen gegeben. Leben und Schaffen Schostakowitschs werden dabei in einen Zusammenhang nicht nur mit den musikalischen Strömungen, sondern auch mit den politischen Entwicklungen seiner Zeit gestellt.
=490  \\$aSerie Musik
=942  \\$cBOO
=952  \\$00$10$2ddc$40$6BIO_SJOS_D$70$8BIO$918880$aORPH$bORPH$cKTS1_P$d2021-10-26$g19.00$oBIO SJOS d$p20129780$r2021-01-12 00:00:00$w2021-01-12$yBOO
=999  \\$c18820$d18820

