=LDR  01953aam a2200193   4500
=001  18822
=005  20250120120038.0
=008  140828s2012\\\\\\\\\\\\\\\\\\\\\\0\\\\
=020  \\$a9783050051024
=100  \\$4Editor$aCancik-Kirschbaum, Eva$920071
=100  \\$4Editor$aKrämer, Sybille$916296
=100  \\$4Editor$aTotzke, Rainer$920072
=245  \\$aSchriftbildlichkeit: Wahrnehmbarkeit, materialität und operativität von notationen
=260  \\$aBerlin$bAkademie Verlag$c2012
=300  \\$a460
=520  \\$aange Zeit galt Schrift als aufgeschriebene mundliche Sprache. Doch was geschieht, wenn eine mathematische Gleichung gelost und Musik mit Noten komponiert wird, wenn ein Autor an seinem Text feilt, die Konkrete Poesie ein Schriftspiel entfaltet, der genetische Code als Buchstabenfolge sequenziert wird, der Kabbalist Buchstaben permutiert oder der Informatiker ein Computerprogramm schreibt? Schriften sind mehr als Aufschreibsysteme fur Gesprochenes; stets bergen sie lautsprachenneutrale Aspekte. Der Begriff "Schriftbildlichkeit" zielt auf einen Perspektivenwechsel: die Uberwindung eines phonographisch reduzierten und eurozentrisch verengten Schriftkonzeptes. Jenseits der Dichotomie von Sprache und Bild vereinigen sich in Schriften diskursive und ikonische Merkmale und das gilt fur alphabetische wie nichtalphabetische Schriften. Schriften eroffnen Experimentierraume der kognitiven wie der asthetischen Erfahrung. In den Beitragen dieses programmatischen Eroffnungsbandes der neuen Buchreihe "Schriftbildlichkeit" werden explorative und kreative Leistungen von Schriften im Wechselverhaltnis ihrer Sichtbarkeit und Handhabbarkeit in wissenschaftlichen und kunstlerischen, in alltaglichen, spielerischen und religiosen Schriftpraktiken zutage gefordert"
=942  \\$cBOO
=952  \\$00$10$2ddc$40$6LIT_CANC_A$70$8LIT$918882$aORPH$bORPH$cKM12_2_H$d2021-08-30$g49.33$oLIT CANC a$p20131329$r2021-01-12 00:00:00$w2021-01-12$yBOO
=999  \\$c18822$d18822

