=LDR  00514aam a2200157   4500
=001  18824
=005  20250109133046.0
=008  130121s1973\\\\\\\\\\\\\\\\\\\\\\0\d
=041  \\$ager
=100  \\$aHumboldt, Wilhelm von$d1767-1835$4aut$920075
=245  \\$aSchriften zur sprache
=260  \\$aStuttgart$bUniversal-Bibliothek$c1973
=300  \\$a256
=942  \\$cBOO
=952  \\$00$10$2ddc$40$6PHI_HUMB_A$70$8PHI$918884$aORPH$bORPH$cKM12_3_2$d2021-08-09$oPHI HUMB a$p20133431$r2021-01-12 00:00:00$w2021-01-12$yBOO
=999  \\$c18824$d18824

