=LDR  01973aam a2200181   4500
=001  18826
=008  110822s2002\\\\nl\\\\\\\f\\\\\\\\0\dut
=020  \\$a9012090237
=041  \\$adut
=100  \\$aRenkema, Jan$4aut$920078
=245  \\$aSchrijfwijzer
=250  \\$a4th ed.
=260  \\$aThe Hague$bSdu$c2002
=300  \\$a466 pages
=520  \\$aDe Schrijfwijzer van Jan Renkema is hét standaardwerk op het gebied vantaaladvies. De Schrijfwijzer wil vragen beantwoorden die zich bij het schrijvenkunnen voordoen, en wel op zo?n manier, dat schrijvers snel verder kunnenmet hun werk.In de Schrijfwijzer komen de volgende onderwerpen aan de orde: tekstkwaliteit(onder andere stijl en tekstanalyse), leesgemak (begrijpelijkheid,nauwkeurigheid, bondigheid en aantrekkelijkheid), taalkwesties, spelling,leestekens en opmaak.In deze vierde, aangepaste editie zijn aanvullende vragen van talrijke taalgebruikersverwerkt. Ook zijn er voorbeelden aangepast, is op sommigeplaatsen de uitleg verduidelijkt, en is op enkele punten het taaladvies inovereenstemming gebracht met gezaghebbende taaldiensten op internet.Verder is de spelling in overeenstemming gebracht met het Spellingbesluit-2005 en het nieuwe Groene Boekje.
De pers over de Schrijfwijzer:?Het meest geraadpleegde taalorakel van Nederland? / ?Dé stressverlagende factor voor al die duizenden die worstelen met schriftelijkecommunicatie? / ?Het meest gezaghebbende taaladviesboek? / ?Het meest succesvolle handboek voor taalgebruik?

Jan Renkema doceert Tekstwetenschap aan de Universiteit van Tilburg.Daarvoor was hij taalkundig adviseur bij de Tweede Kamer, eindredacteurvan het maandblad Onze Taal, buitengewoon hoogleraar Cultuurwetenschappenaan de Open Universiteit en bijzonder hoogleraar Taalverzorging,namens het Genootschap Onze Taal.
=942  \\$cBOO
=952  \\$00$10$2ddc$40$6REF_2_000000000000000_RENK$70$8REF$918886$aORPH$bORPH$cKM12_1$d2021-08-24$oREF2 RENK$p20131194$r2021-01-12 00:00:00$w2021-01-12$yBOO
=999  \\$d18826

