=LDR  00961aam a2200229   4500
=001  18830
=005  20250120120622.0
=008  191003s2002\\\\\\\\\\\\\\\\\\\\\\0\ger
=020  \\$a3795211026
=041  \\$ager
=100  \\$4edt$aHilmar, Ernst$d1938-2016$917401
=245  \\$aSchubert durch die Brille
=260  \\$aTutzing$bSchneider$bInternationales Frans Schubert Institut$c2002
=300  \\$a431 pages
=600  \0$aSchubert, Franz$d1797-1828$1http://www.wikidata.org/entity/Q7312$96183
=648  \0$a19th Century (1801-1900)$1http://www.wikidata.org/entity/Q6955$920935
=650  \0$aComposer$1http://www.wikidata.org/entity/Q36834$93625
=650  \0$aReception$1http://www.wikidata.org/entity/Q1791660$925021
=651  \0$aVienna (Austria)$1http://www.wikidata.org/entity/Q1741$920937
=942  \\$cBOO
=952  \\$00$10$2ddc$40$6BIO_SCHU1_E$70$8BIO$918890$aORPH$bORPH$cKTS1_P$d2021-10-19$oBIO SCHU1 e$p20129802$r2021-01-12 00:00:00$w2021-01-12$yBOO
=999  \\$d18830

