=LDR  03041aam a2200277   4500
=001  18833
=005  20250120120354.0
=008  120221s1998\\\\\\\gfc\\\\\\\\\\\\0deng\d
=020  \\$a9781859282533
=041  \\$aeng
=100  \\$4edt$aNewbould, Brian$920089
=245  \\$aSchubert Studies
=260  \\$aAldershot$bAshgate$c1998
=300  \\$a277 pages
=504  \\$aIncludes a table of contents, list of plates, an index of Schubert's works and a general index
=505  \\$gSchubert's tempo conventions / Clive Brown -- Schubert's transitions / Susan Wollenberg -- Schubert's string and piano duos in context / Elizabeth Norman McKay -- 'Am Meer' reconsidered: strophic, binary, or ternary? / Edward T. Cone -- Schubert's 'Great' C major Symphony: the autograph revisited / Brian Newbould -- 'Biding his time' – Schubert among the Bohemians in the mid-nineteenth century / Jan Smaczny -- Architecture as drama in late Schubert / Roy Howat -- Schubert's piano sonatas: thoughts about interpretation and performance / András Schiff -- Schubert and the Ungers: a preliminary study / Peter Branscombe -- Schubert's relationship with women: an historical account / Rita Steblin -- Adversity: Schubert's illnesses and their background / Peter Gilroy Bevan
=520  \\$aSchubert Studies comprises eleven essays by renowned Schubert scholars and performers. The volume sheds light on certain aspects of Schubert's music and biography which have hitherto remained relatively neglected, or which warrant further investigation.Musical topics include analyses of tempo conventions, transitional procedures and rhythmic organization. There are reassessments of several works, using autograph research, performing experience and other approaches; while assumptions as to the extent of Schubert's influence on later Czech composers are also brought into question.Concerns with aspects of Schubert's biography, in particular the social and musical circles in which he moved, come under examination in several essays. The final two chapters deal specifically with the composer's relationships with women, and the psychological and physiological illnesses from which he suffered.Each of the essays here charts new and existing evidence to provide fresh perspectives on these aspects of Schubert's life and music, making this volume an indispensable tool for scholars concerned with his work.Meer ?
=600  \0$aSchubert, Franz$d1797-1828$1http://www.wikidata.org/entity/Q7312$96183
=648  \0$a19th Century (1801-1900)$1http://www.wikidata.org/entity/Q6955$920935
=650  \0$aComposer$1http://www.wikidata.org/entity/Q36834$93625
=650  \0$aBiography$1http://www.wikidata.org/entity/Q36279$91927
=650  \0$aMusical analysis$1http://www.wikidata.org/entity/Q1544924$92775
=651  \0$aVienna (Austria)$1http://www.wikidata.org/entity/Q1741$920937
=942  \\$cBOO
=952  \\$00$10$2ddc$40$6BIO_SCHU1_E$70$8BIO$918893$aORPH$bORPH$cKTS1_P$d2021-10-19$l3$m1$oBIO SCHU1 e$p20129751$r2022-08-30 00:00:00$s2021-12-22$w2021-01-12$yBOO
=999  \\$d18833

