=LDR  00476aam a2200157   4500
=001  18834
=005  20250120115845.0
=008  140925s1913\\\\\\\\\\\\\\\\\\\\\\0\f
=041  \\$af
=100  \\$aPirro, André$d1869-1943$4aut$97620
=245  \\$aSchütz
=260  \\$aParis$bFelix Alcan$c1913
=300  \\$a243
=942  \\$cBOO
=952  \\$00$10$2ddc$40$6BIO_SCHU5_D$70$8BIO$918894$aORPH$bORPH$cKTS1_P$d2021-10-19$oBIO SCHU5 d$p20130085$r2021-01-12 00:00:00$w2021-01-12$yBOO
=999  \\$c18834$d18834

