=LDR  01741aam a2200193   4500
=001  18837
=005  20230123101218.0
=008  190207s2002\\\\\\\\\\\\\\\\\\\\\\0\e
=020  \\$a9780521042451
=041  \\$ae
=100  \\$aPerrey, Beate$4aut$916397
=245  \\$aSchumann's Dichterliebe and early romantic poetics: fragmentation of desire
=260  \\$aCambridge$bCambridge University Press$c2002
=300  \\$a242
=520  \\$aThis book offers a theory of Romantic song by re-evaluating Schumann's Dichterliebe of 1840, one of the most enigmatic works of the repertoire. It investigates the poetics of Early Romanticism in order to understand the mysterious magnetism and singular imaginative energy that imbues Schumann's musical language. The Romantics rejected the ideal of a coherent and organic whole and cherished the suggestive openness of the Romantic fragment, the disconcerting tone of Romantic irony and the endlessness of Romantic reflection - thereby realising an aesthetic of fragmentation. Close readings of many songs from Dichterliebe show the singer's intense involvement with the piano's voice, suggesting a 'split Self' and the presence of the 'Other'. Seeing Schumann as the 'second poet of the poem' - here of Heine's famous Lyrisches Intermezzo - this book considers essential issues of musico-poetic intertextuality, introducing into musicology a hermeneutic that seeks to synthesise philosophical, literary-critical, music-analytical and psycho-analytical modes of thought.
=490  \\$aCambridge Studies in Music Theory and Analysis$v18
=942  \\$cBOO
=952  \\$00$10$2ddc$40$6BIO_SCHU2_E$70$8BIO$922888$aORPH$bORPH$cKTS1_P$d2023-08-31$l0$oBIO SCHU2 e$p20129900$r2023-08-31 00:00:00$w2023-08-31$yBOO
=999  \\$c18837$d18837

