=LDR  02990aam a2200277   4500
=001  18838
=005  20250120120615.0
=008  111114s2004\\\\\\\g|||\\\\\\\\\\\0deng\d
=020  \\$a9781580461450
=041  \\$aeng
=100  \\$aReiman, Erika$4aut$920090
=245  \\$aSchumann's Piano Cycles and the Novels of Jean Paul
=260  \\$aRochester$bBoydell & Brewer$c2004
=300  \\$a248 pages
=490  \\$aEastman Studies in Music
=520  \\$aRobert Schumann frequently expressed his deep admiration for the novels of Jean Paul Friedrich Richter, the late-eighteenth-century German novelist, essayist, and satirist. Schumann imitated Jean Paul's prose style in his own fiction and music criticism, and said once that he learned "more counterpoint from Jean Paul than from my music teacher."

Drawing on the recent, groundbreaking work in musico-literary analysis of scholars such as Anthony Newcomb, John Daverio, and Lawrence Kramer, Erika Reiman embarks on a comparative study of Jean Paul's five major novels and Schumann's piano cycles of the 1830s, many of which are staples in the repertoire of concert pianists today.

The present study begins with a thorough review of Jean Paul's literary style, emphasizing the digressions, intertextuality, self-reflexivity, and otherworldliness that distinguish it. The similarly digressive style that Schumann developed is then examined in his earliest works, including the enduring and highly original Carnaval (1835), and in cycles of the later 1830s, notably Davidsbündlertänze and Faschingsschwank aus Wien. Finally, an analysis of three one-movement works from 1838-39 reveals links with Jean Paul's exploration of the idyll, an ancient genre that had experienced an eighteenth-century revival.

Throughout, the author attempts to keep in mind the actual sound and performed experience of the works, and suggests ways in which an awareness of Jean Paul's style might change the performance and hearing of the cycles.

Erika Reiman, received her Ph.D. in Musicology from the University of Toronto (1999) and has taught at Brock University, Wilfrid Laurier University, the University of Guelph, and the University of Toronto; she is also active as a pianist and chamber musician.
=600  \0$aSchumann, Robert$d1810-1856$1http://www.wikidata.org/entity/Q7351$913977
=600  \0$aJean Paul$d1763-1825$1http://www.wikidata.org/entity/Q77079$924786
=648  \0$a19th Century (1801-1900)$1http://www.wikidata.org/entity/Q6955$920935
=650  \0$aKeyboard music$1http://www.wikidata.org/entity/Q105715630$921412
=650  \0$aNovel$1http://www.wikidata.org/entity/Q8261$921629
=650  \0$aMusical analysis$1http://www.wikidata.org/entity/Q1544924$92775
=651  \0$aGermany$1http://www.wikidata.org/entity/Q183$9155
=942  \\$cBOO
=952  \\$00$10$2ddc$40$6BIO_SCHU2_E$70$8BIO$918897$aORPH$bORPH$cKTS1_P$d2022-08-30$g42.00$l3$m2$oBIO SCHU2 e$p20129876$r2022-08-30 00:00:00$s2021-12-22$w2021-01-12$yBOO$Vamazon.co.uk
=999  \\$d18838

