=LDR  00598aam a2200193   4500
=001  18839
=005  20250120120047.0
=008  120918s1997\\\\\\\\\\\\\\\\\\\\\\0\d
=020  \\$a3883775223
=041  \\$ager
=100  \\$4Editor$aMetzger, Heinz-Klaus$d1932-2009$916532
=100  \\$4Editor$aRiehn, Rainer$916533
=245  \\$aSchumann und Eichendorff
=260  \\$aMunich$bEdidtion text + kritik$c1997
=300  \\$a89
=490  \\$aMusik-Konzepte$v95
=942  \\$cBOO
=952  \\$00$10$2ddc$40$70$8PER$918898$aORPH$bORPH$cKM12_1$d2022-06-17$p20111584$r2021-01-12 00:00:00$w2021-01-12$yPER
=999  \\$c18839$d18839

