=LDR  01825aam a2200193   4500
=001  18847
=005  20250120120018.0
=008  130926s1987\\\\\\\\\\\\\\\\\\\\\\0\e
=020  \\$a9780860917533
=041  \\$aeng
=100  \\$aFeyerabend, Paul$4aut$915810
=245  \\$aScience in a free society
=260  \\$aLondon$bVerso$c1987
=250  \\$a4
=300  \\$a221
=520  \\$aNo study in the philosophy of science created such controversy in the seventies as Paul Feyerabends Against Method. In this work, Feyerabend reviews that controversy, and extends his critique beyond the problem of scientific rules and methods, to the social function and direction of science today.

In the first part of the book, he launches a sustained and irreverent attack on the prestige of science in the West. The lofty authority of the expert claimed by scientists is, he argues, incompatible with any genuine democracy, and often merely serves to conceal entrenched prejudices and divided opinions with the scientific community itself. Feyerabend insists that these can and should be subjected to the arbitration of the lay population, whose closes interests they constantly affectas struggles over atomic energy programs so powerfully attest.

Calling for far greater diversity in the content of education to facilitate democratic decisions over such issues, Feyerabend recounts the origin and development of his own ideassuccessively engaged by Brecht, Ehrenhaft, Popper, Mill and Lakatosin a spirited intellectual self-portrait.

Science in a Free Society is a striking intervention into one of the most topical debates in contemporary culture and politics.
=942  \\$cBOO
=952  \\$00$10$2ddc$40$6PHI_FEYE_A$70$8PHI$918907$aORPH$bORPH$cKM12_3_2$d2021-08-09$g13.00$oPHI FEYE a$p20133259$r2021-01-12 00:00:00$w2021-01-12$yBOO
=999  \\$c18847$d18847

