=LDR  02378aam a2200181   4500
=001  18849
=005  20250120120055.0
=008  120628s2004\\\\\\\\\\\\\\\\\\\\\\0\e
=020  \\$a9780745630601
=041  \\$aeng
=100  \\$aBourdieu, Pierre$d1930-2002$4aut$1http://www.wikidata.org/entity/Q156268$916918
=245  \\$aScience of science and reflexitivity
=260  \\$aCambridge$bPolity$c2004
=300  \\$a129
=520  \\$aOver the last four decades, the French sociologist Pierre Bourdieu produced one of the most imaginative and subtle bodies of social theory of the postwar era. When he died in 2002, he was considered to be a thinker on a par with Foucault, Barthes, and Lacana public intellectual as influential to his generation as Sartre was to his.

Science of Science and Reflexivity will be welcomed as a companion volume to Bourdieu's now seminal An Invitation to Reflexive Sociology. In this posthumous work, Bourdieu declares that science is in danger of becoming a handmaiden to biotechnology, medicine, genetic engineering, and military researchthat it risks falling under the control of industrial corporations that seek to exploit it for monopolies and profit.

Science thus endangered can become detrimental to mankind. The line between pure and applied science, therefore, must be subjected to intense theoretical scrutiny. Bourdieu's goals in Science of Science and Reflexivity are to identify the social conditions in which science develops in order to reclaim its objectivity and to rescue it from relativism and the forces that might exploit it. In the grand tradition of scientific reflections on science, Bourdieu provides a sociological analysis of the discipline as something capable of producing transhistorical truths; he presents an incisive critique of the main currents in the study of science throughout the past half century; and he offers a spirited defense of science against encroaching political and economic forces.

A masterful summation of the principles underlying Bourdieu's oeuvre and a memoir of his own scientific journey, Science of Science and Reflexivity is a capstone to one of the most important and prodigious careers in the field of sociology.

=942  \\$cBOO
=952  \\$00$10$2ddc$40$6PHI_BOUR_A$70$8PHI$918909$aORPH$bORPH$cKM12_3_2$d2021-08-11$g16.00$oPHI BOUR a$p20133600$r2021-01-12 00:00:00$w2021-01-12$yBOO
=999  \\$c18849$d18849

