=LDR  00915aam a2200193   4500
=001  18851
=005  20230123111057.0
=008  111129s2009\\\\\\\\\\\\\\\\\\\\\\0\eng
=020  \\$a9780230577633
=041  \\$aeng
=100  \\$aRobbins, Sue$4aut$920099
=245  \\$aScience study skills
=260  \\$aHampshire$bPalgrave Macmillan$c2009
=300  \\$a88 pages
=490  \\$aPocket Study Skills
=520  \\$aScience is an active discipline, with the emphasis on 'doing' rather than 'reading' about it. Written for undergraduate scientists, this handy guide outlines the skills expected of them. It provides guidance on tackling different types of assignments, in addition to how to make the most of feedback and prepare for exams.
=942  \\$cBOO
=952  \\$00$10$2ddc$40$6REF_2_000000000000000_ROBB$70$8REF$918911$aORPH$bORPH$cKM12_1$d2021-08-24$g5.00$oREF2 ROBB$p20131193$r2021-01-12 00:00:00$w2021-01-12$yBOO
=999  \\$d18851

