=LDR  00713aam a2200169   4500
=001  18852
=005  20241202101132.0
=008  140526s2011\\\\\\\\\\\\\\\\\\\\\\0\e
=041  \\$aeng
=100  \\$aHarris, Yolande$4aut$920100
=245  \\$aScorescapes: On sound, environment and sonic consciousness
=260  \\$aLeiden$bUniversiteit Leiden$c2011
=300  \\$a129
=942  \\$cBOO
=952  \\$00$10$2ddc$3CD$40$6MTP_5_000000000000000_HARR$70$8MTP$918912$aORPH$bORPH$cKM12_1$d2021-08-31$oMTP5 HARR$p20134096$r2021-01-12 00:00:00$w2021-01-12$yDIS
=952  \\$00$10$2ddc$40$6MTP_5_000000000000000_HARR$70$8MTP$920501$aORPH$bORPH$cKM12_1$d2021-08-31$l0$oMTP5 HARR$p20134097$r2021-08-31 00:00:00$w2021-01-12$yDIS
=999  \\$c18852$d18852

