=LDR  02560aam a2200217   4500
=001  18853
=005  20250901113608.0
=008  171220s2014\\\\\\\\\\\\\\\\\\\\\\0\eng
=020  \\$a9781843838937
=041  \\$aeng
=100  \\$aMaunder, Richard$d1937-2018$4aut$920101
=245  \\$aThe Scoring of Early Classical Concertos 1750-1780
=260  \\$aWoodbridge$bBoydell$c2014
=300  \\$a300 pages
=520  \\$aIn the baroque era most concertos were - in the modern sense of the term - chamber music, to be played by a small group of musicians each reading from an individual printed or manuscript part. Indeed, composers often expected the soloist to be accompanied by just a string quartet with a harpsichord or organ continuo. But over the thirty years from 1750, as the classical style was being developed, numbers began to rise slowly. This did not happen at a uniform rate throughout Europe, however, for many concertos continued to be played one-to-a-part, and even by 1780 an ensemble with more than eight or nine strings would have been unusual. The nineteenth-century notion that a concerto pitted a lone soloist against a full symphony orchestra still lay some years in the future.
At the same time ideas about form were changing, as the Vivaldian ritornello pattern metamorphosed into the concerto-sonata form used by Mozart and his contemporaries; some unconventional variants appeared as composers strove to keep abreast of latest developments. It was a fascinating period of innovation, in which many hundreds of concertos were written. To be sure, not all of them can be described as "forgotten masterpieces", but among them there are some very fine works that certainly ought to be revived. It is hoped that readers of this book may be encouraged to explore this comparatively neglected repertoire.

RICHARD MAUNDER is a Fellow of Christ's College, Cambridge. His previous book, The Scoring of Baroque Concertos, was published by The Boydell Press in 2004. He has also published books on Mozart's Requiem, Keyboard Instruments in Eighteenth-Century Vienna and numerous editions of seventeenth- and eighteenth-century music.
=648  \0$a18th Century (1701-1800)$1http://www.wikidata.org/entity/Q7015$920899
=650  \0$aConcerto$1http://www.wikidata.org/entity/Q9748$921817
=650  \0$aOrchestration$1http://www.wikidata.org/entity/Q3367000$921045
=942  \\$cBOO
=952  \\$00$10$2ddc$40$6GEN_13_000000000000000$70$8GEN$918913$aORPH$bORPH$cKTS1_P$d2020-12-20$l1$m4$oGEN13$p20132454$r2025-06-25 15:56:31$s2021-03-10$w2021-01-12$yBOO
=999  \\$d18853

