=LDR  00842aam a2200169   4500
=001  18855
=005  20230123111058.0
=008  190527s1983\\\\\\\\\\\\\\\\\\\\\\0\eng
=041  \\$aeng
=100  \\$aEarp, Lawrence Marshburn$4aut$920103
=245  \\$aScribal practice, manuscript production and the transmission of music in late medival France: the manuscripts of Guillaume de Machaut
=260  \\$aMichigan$bUniversity microfilms international$c1983
=300  \\$a448 pages 
=520  \\$aDissertation presented to the Faculty of Princeton University in candidacy for the degree of Doctor of Philosophy recommended for acceptance by the Department of Music, june 1983
=942  \\$cDIS
=952  \\$00$10$2ddc$40$6MTP_5_000000000000000_EARP$70$8MTP$918915$aORPH$bORPH$cKM12_1$d2021-08-31$oMTP5 EARP$p20134081$r2021-01-12 00:00:00$w2021-01-12$yDIS
=999  \\$d18855

