=LDR  01880aam a2200229   4500
=001  18856
=005  20250120120239.0
=008  140821s2013\\\\\\\f|\\\\\\\\\\\\\0\eng\d
=020  \\$a9780199686399
=041  \\$aeng
=245  \\$aScribes and Scholars:$bA Guide to the Transmission of Greek and Latin Literature
=250  \\$a4th ed.
=260  \\$aOxford$bOxford University Press$c2013
=300  \\$a325 pages
=520  \\$aOne of the remarkable facts about the history of Western culture is that we are still in a position to read large amounts of the literature produced in classical Greece and Rome despite the fact that for at least a millennium and a half all copies had to be produced by hand and were subject to the hazards of fire, flood, and war. This book explains how the texts survived and gives an account of the reasons why it was thought worthwhile to spend the necessary effort to preserve them for future generations. In the second edition a section of notes was included, and a new chapter was added to deal with some aspects of scholarship since the Renaissance. In the third edition (1991), the authors responded to the urgent need to take account of the very large number of discoveries in this rapidly advancing field of knowledge by substantially revising or enlarging certain sections. The last two decades have seen further advances, and this revised edition is designed to take account of them.
=650  \0$aLiterature$1http://www.wikidata.org/entity/Q8242$94439
=650  \0$aHistory$1http://www.wikidata.org/entity/Q309$921403
=700  \\$aReynolds, L. D.$1http://www.wikidata.org/entity/Q896857$4edt$920104
=700  \\$aWilson, N.G.$4edt$920105
=942  \\$cBOO
=952  \\$00$10$2ddc$40$6LIT_REYN_B$70$8LIT$918916$aORPH$bORPH$cKM12_2_H$d2014-08-18$g33.28$l1$oLIT REYN b$p20143846$r2024-10-08 10:34:13$s2021-03-12$w2021-01-12$yBOO$Vamazon.com
=999  \\$d18856

