=LDR  01159aam a2200193   4500
=001  18857
=005  20250109133047.0
=008  180910s2011\\\\\\\\\\\\\\\\\\\\\\0\dut
=020  \\$a9789001797102
=041  \\$adut
=245  \\$aScriptieproblemen
=260  \\$aGroningen$bNoordhoff uitgevers$c2011
=300  \\$a110 pages
=520  \\$aNieuw in deze editie Scriptieproblemen is de verbreding naar de hedendaagse varianten van afstudeeronderwerpen in het HBO en WO. Daarnaast wordt er uitgebreid aandacht besteed aan het gebruik van internet als hulpmiddel bij het voorbereiden en schrijven van je scriptie.

Dit boek helpt je bij het schrijven van je scriptie. Het helpt de typische scriptieproblemen te signaleren en te verduidelijken en er een goede, structurele aanpak voor te vinden. Veel studenten hebben al dankbaar gebruik gemaakt van de adviezen en aanwijzingen van Scriptieproblemen.
=700  \\$4aut$aMirande, Marcel$920106
=700  \\$4aut$aWardenaar, Els$920107
=942  \\$cBOO
=952  \\$00$10$2ddc$40$6REF_2_000000000000000_MIRA$70$8REF$918917$aORPH$bORPH$cKM12_1$d2021-08-24$g23.00$oREF2 MIRA$p20131126$r2021-01-12 00:00:00$w2021-01-12$yBOO
=999  \\$d18857

