=LDR  02034aam a2200277   4500
=001  18860
=005  20251003125630.0
=008  200605s2019\\\\\\\ac\\\\\\\\\\\\\0cdut\d
=020  \\$a9789090316758
=041  \\$adut
=100  \\$aJanmaat, Frits$4aut$920110
=245  \\$aSébastien Erard:$bde grootste harp- en pianobouwer aller tijden
=260  \\$aAmsterdam$bMaison Érard$bJanmaat$c2019
=300  \\$a488 pages$billustrations, portraits
=520  \\$aSébastien Erard, de grootste harp- en pianobouwer aller tijden, geschreven door meester-restaurateur Frits Janmaat, gespecialiseerd in Erard-vleugels en -pianos, in eigen beheer uitgegeven in 2019 (iSBN 978-90-9031675-8).

Het boek is niet alleen een eerbetoon aan het vernuft van Sebastien Erard, maar geeft de lezer tevens een kijkje in het muzikale leven van de 18de en 19de eeuw. Met zijn bijna 500 bladzijden en dito vier kilo gewicht, is het een formidabel naslagwerk geworden, met veel bekende en dankzij jarenlange research, vooral ook veel onbekende wetenswaardigheden. Daarnaast maken de vele illustraties het ook een buitengewoon boeiend en leesbaar boek  een waar standaardwerk.
=600  \0$aÉrard, Sébastien$d1752-1831$1http://www.wikidata.org/entity/Q20721$920934
=610  \0$aÉrard (Paris, France)$1http://www.wikidata.org/entity/Q16008846$921249
=648  \0$a18th Century (1701-1800)$1http://www.wikidata.org/entity/Q7015$920899
=648  \0$a19th Century (1801-1900)$1http://www.wikidata.org/entity/Q6955$920935
=650  \0$aOrganology$1http://www.wikidata.org/entity/Q899293$921400
=650  \0$aHarp$1http://www.wikidata.org/entity/Q47369$93542
=650  \0$aPiano$1http://www.wikidata.org/entity/Q5994$1http://www.wikidata.org/entity/Q1521313$92127
=651  \0$aParis (France)$1http://www.wikidata.org/entity/Q90$9160
=942  \\$cBOO
=952  \\$00$10$2ddc$40$6INS_3_000000000000000_3B_ERAR$70$8INS$918920$aORPH$bORPH$cKTS0$d2020-06-02$g150.00$l1$m4$oINS3.3b ERAR$p20118211$q2022-03-16$r2021-03-10 00:00:00$s2021-03-10$w2021-01-12$yBOO
=999  \\$d18860

