=LDR  02515aam a2200241   4500
=001  18861
=005  20250109133435.0
=008  120217s2001\\\\\\\a\\\\\\\\\\\\\\0\eng\d
=020  \\$a9780500237854
=041  \\$aeng
=100  \\$aHockney, David$d-1937$4aut$1http://www.wikidata.org/entity/Q159907$920111
=245  \\$aSecret Knowledge:$bRediscovering the Lost Techniques of the Old Masters
=250  \\$a1st ed.
=260  \\$aLondon$bThames & Hudson$c2001
=300  \\$a296 pages
=520  \\$aRecently, David Hockney, often described as the "world's most popular artist," has made headlines not with his own work but with his sensational and controversial theories about how some of Western art's famous masterpieces – paintings by artists such as da Vinci, Caravaggio, Velázquez, and Van Eyck – were actually created. A chance observation of a drawing in London's National Gallery led Hockney to ask, "How was this done?"

His answer led to fascinating insights into the history of art: that many of the world's most revered artists used mirrors and various optical devices – such as the camera obscura – to project images onto their canvasses and then "traced" the scenes. Hockney's radical speculations have prompted both astonishment and outrage from prominent art historians and museum directors worldwide. The debate aside, Secret Knowledge offers readers the exhilarating opportunity to see the Old Masters afresh?through the eyes of a living master.

In Secret Knowledge, hundreds of paintings are reproduced in stunning color plates, and many are discussed in close and accessible detail. Hockney's own drawings and photographs illustrate how artists would have used the technology available to them in rendering their subjects. Extracts from historical and modern documents provide further evidence while correspondence between Hockney and an impressive array of international art historians, curators, and scientists details both the evolution of his theory and the furor that has erupted over it.
=648  \0$aMiddle Ages (500-1400)$1http://www.wikidata.org/entity/Q12554$920964
=648  \0$aRenaissance (1400-1600)$1http://www.wikidata.org/entity/Q4692$920965
=648  \0$a17th Century (1601-1700)$1http://www.wikidata.org/entity/Q7016$920923
=650  \0$aFine art$1http://www.wikidata.org/entity/Q219625$921579
=942  \\$cBOO
=952  \\$00$10$2ddc$40$6VIS_HOCK$70$8VIS$918921$aORPH$bORPH$cKTS1_H$d2022-05-25$g35.00$oVIS HOCK$p20136769$r2021-01-12 00:00:00$w2021-01-12$yBOO
=999  \\$d18861

