=LDR  01308aam a2200241   4500
=001  18864
=005  20250120120239.0
=008  170706s1887\\\\\\\\\\\\\\\\\\\\\\0\fre\d
=041  \\$af
=100  \\$aStevens, Eugène$d1865-1938$4aut$920113
=245  \\$aSection littéraire du cercle catholique de Bruxelles.$bRapport sur les travaux de l'année académique 1885-1886
=260  \\$aBrussels$bJ. van Gompel Trion$c1887
=300  \\$a47 pages
=500  \\$aEugène Stevens was a Belgian jurist and lawyer, author of plays, satirical reviews, legal works and art critic, writing most often under the name Ernest Hallo, sometimes also under the name Eugène Sandarre or other pseudonyms. 
=610  \0$927227$aCercle Catholique - Section littéraire (Brussels)
=648  \0$1http://www.wikidata.org/entity/Q6955$a19th Century (1801-1900)$920935
=650  \0$1http://www.wikidata.org/entity/Q8242$aLiterature$94439
=650  \0$aRhetoric$1http://www.wikidata.org/entity/Q81009$93894
=650  \0$aCriticism$1http://www.wikidata.org/entity/Q17955$92252
=651  \0$1http://www.wikidata.org/entity/Q31$aBelgium$920881
=942  \\$cBOO
=952  \\$00$10$2ddc$40$6KTS_1_000000000000000_H_02_055$70$8RAR$918924$aORPH$bORPH$cKTS1_H$d2021-01-12$l0$oKTS1 H.02.055$p20146507$r2021-01-12 00:00:00$w2021-01-12$yBOO
=999  \\$d18864

