=LDR  02200aam a2200181   4500
=001  18865
=005  20230123111100.0
=008  120628s2006\\\\\\\\\\\\\\\\\\\\\\0\e
=020  \\$a9780674021792
=041  \\$aeng
=100  \\$aHumphrey, Nicholas$4aut$920114
=245  \\$aSeeing red: a study in consciousness
=260  \\$aCambridge$bThe Belknap Press of Harvard University Press$c2006
=300  \\$a151
=520  \\$a"Consciousness matters. Arguably it matters more than anything. The purpose of this book is to build towards an explanation of just what the matter is."

Nicholas Humphrey begins this compelling exploration of the biggest of big questions with a challenge to the reader, and himself. What's involved in "seeing red"? What is it like for us to see someone else seeing something red?

Seeing a red screen tells us a fact about something in the world. But it also creates a new fact--a sensation in each of our minds, the feeling of redness. And that's the mystery. Conventional science so far hasn't told us what conscious sensations are made of, or how we get access to them, or why we have them at all. From an evolutionary perspective, what's the point of consciousness?

Humphrey offers a daring and novel solution, arguing that sensations are not things that happen to us, they are things we do--originating in our primordial ancestors' expressions of liking or disgust. Tracing the evolutionary trajectory through to human beings, he shows how this has led to sensations playing the key role in the human sense of Self.

The Self, as we now know it from within, seems to have fascinating other-worldly properties. It leads us to believe in mind-body duality and the existence of a soul. And such beliefs--even if mistaken--can be highly adaptive, because they increase the value we place on our own and others' lives.

"Consciousness matters," Humphrey concludes with striking paradox, "because it is its function to matter. It has been designed to create in human beings a Self whose life is worth pursuing."
=942  \\$cBOO
=952  \\$00$10$2ddc$40$6PHI_HUMP_A$70$8PHI$918925$aORPH$bORPH$cKM12_3_2$d2021-08-09$oPHI HUMP a$p20133439$r2021-01-12 00:00:00$w2021-01-12$yBOO
=999  \\$c18865$d18865

