=LDR  02253aam a2200253   4500
=001  18867
=005  20251103124736.0
=008  170505s2015\\\\\\\\\\\\\\\\\\\\\\0\eng
=020  \\$a9781897323342
=041  \\$aeng
=100  \\$aInnes, Dale$4aut$920115
=245  \\$aSeeking Solitude:$bGlenn Gould and the Goldberg Variations
=260  \\$aCanada$bPenumbra$c2015
=300  \\$a167 pages
=520  \\$aGLENN GOULDs legacy continues to intrigue us; new areas of research emerge every year. In this study, Dale Innes explores the evolution of Glenn Goulds interpretation of the keyboard music of J.S. Bach, with particular emphasis on the contrast between his youthful 1955 recording of the Goldberg Variations and his final 1981 recording of the same work. This style transformation is placed in the context of Goulds life, including his early studies with Alberto Guerrero at the Toronto Conservatory of Music (now called the Royal Conservatory of Music), his abandonment of the concert stage to focus exclusively on recording, and some aesthetic directions that he was following later in life. The core of the study, an in-depth analysis of the two recordings of the Variations, leads the reader to a critical look at authenticity in the performance of Baroque music, and its reception by listeners. Innes concludes with a look at some writers who may have influenced Gould, including the Japanese author Natsume Soseki, and explores the special relationship that Gould developed with the Canadian North, particularly the area around Wawa Ontario on the east coast of Lake Superior.
=600  \0$aBach, Johann Sebastian$d1685-1750$1http://www.wikidata.org/entity/Q1339$94766
=648  \0$a20th Century (1901-2000)$1http://www.wikidata.org/entity/Q6927$920936
=650  \0$aKeyboard music$1http://www.wikidata.org/entity/Q105715630$921412
=650  \0$aPiano$1http://www.wikidata.org/entity/Q5994$92127
=650  \0$aGoldberg Variations$1http://www.wikidata.org/entity/Q213728$924856
=650  \0$aMusical interpretation$1http://www.wikidata.org/entity/Q1668139$94533
=942  \\$cBOO
=952  \\$00$10$2ddc$40$6BIO_GOUL_E$70$8BIO$918927$aORPH$bORPH$cKTS1_P$d2016-08-12$g27.00$oBIO GOUL e$p20129803$r2021-01-12 00:00:00$w2021-01-12$yBOO$VAmazon
=999  \\$d18867

