=LDR  01416aam a2200181   4500
=001  18868
=005  20230123111030.0
=008  120214s2003\\\\\\\\\\\\\\\\\\\\\\0\e
=020  \\$a9780754638711
=041  \\$aeng
=100  \\$aOdam, George$4aut$919904
=245  \\$aSeeking the soul: The music of Alfred Schnittke
=260  \\$aLondon$bAshgate$c2003
=300  \\$a80
=520  \\$aAlfred Schnittke's music presents a mixture of the old and the new and modernist and post-modernist sounds. It also reflects an eclectic collection of influences. Born in 1934, Schnittke was confined to his native Russia by political necessity but from 1977 became a frequent and welcome visitor to the Western world. He died in 1998 when his international reputation had become well established. With the assistance of Alexander Ivashkin, Director of the Centre for Russian Music, the Guildhall Research Centre has compiled this collection of transcripts of talks given by international experts and papers presented at the Schnittke festival that was held in January 2001. The book is accompanied by a free compact disk containing performances of Schnittke's music played by students at the Guildhall School of Music and Drama.
Show More 
Show Less 

=942  \\$cBOO
=952  \\$00$10$2ddc$3CD : 1$40$6BIO_SCHN3_D$70$8BIO$918928$aORPH$bORPH$cKTS1_P$d2021-10-19$g20.00$oBIO SCHN3 d$p20129902$r2021-01-12 00:00:00$w2021-01-12$yBOO
=999  \\$c18868$d18868

