=LDR  00884aam a2200181   4500
=001  18870
=005  20250109133047.0
=008  160222s2015\\\\\\\\\\\\\\\\\\\\\\0\e
=020  \\$a9781614517511
=041  \\$aeng
=100  \\$aTarasti, Eero$4aut$920117
=245  \\$aSein und Schein: Explorations in existential semiotics
=260  \\$aBerlin$bDe Gruyter$c2015
=300  \\$a466
=520  \\$aExistential semiotics is a new paradigm in the studies of signs, signification, and communication. This book develops its theory further, applying the notions of being, doing, and appearing to crucial social problems of the contemporary world, and to various so-called 'lesser arts' like performance and gastronomy.
=942  \\$cBOO
=952  \\$00$10$2ddc$40$6PHI_TARA_A$70$8PHI$918930$aORPH$bORPH$cKM12_3_2$d2021-08-04$g99.00$oPHI TARA a$p20134507$r2021-01-12 00:00:00$w2021-01-12$yBOO
=999  \\$c18870$d18870

