=LDR  00542aam a2200145   4500
=001  18876
=005  20250120120351.0
=008  131113s1779\\\\\\\\\\\\\\\\\\\\\\0\\\\
=100  \\$aCorri, Domenico$d1746-1825$4aut$96099
=245  \\$a[A Select Collection of the most Admired Songs, Duetts.]
=300  \\$a41 p.
=520  \\$aVolume 1st. Consisting of Italian Songs & Duetts. Tomo Primo: Arie e Duetti Italiani.
=942  \\$cBOO
=952  \\$00$10$40$70$8COLL_UNK$918936$aORPH$bORPH$cLOC_UNK$d2021-01-12$l0$r2021-01-12 00:00:00$w2021-01-12$yBOO
=999  \\$c18876$d18876

