=LDR  02532aam a2200229   4500
=001  18877
=005  20250925143305.0
=008  170627s1995\\\\\\\\\\\\\\\\\\\\\\ideng
=020  \\$a9780300064513
=041  \\$aeng$hger
=100  \\$4crp$aHindemith, Paul$d1895-1963$916922
=245  \\$aSelected Letters
=260  \\$aNew York$aLondon$bYale University Press$c1995
=300  \\$a255 pages
=520  \\$aPaul Hindemith had a multifaceted career as an internationally acclaimed composer, performer, festival organizer, teacher, lecturer, and writer. Born in Germany in 1895, he was a leading member of the musical avant-garde, and when the Nazis came to power his compositions eventually were banned as "decadent art." In 1938 Hindemith went into voluntary exile in Switzerland and in 1940 migrated to the United States, where he became a citizen. His return to Europe after the war in response to urgent calls for help in rebuilding European musical life gave rise to many inner emotional problems. 

This selection of letters written by Hindemith spans his entire career, from the First World War until shortly before his death in 1963. Translated and edited by a leading authority on Hindemith, the letters (some of which were written in English) reveal that he was an observant, engaging, and opinionated correspondent who took a keen interest in contemporary culture and politics. The first such selection to appear in English, the letters deal with personal and professional matters and are addressed to his wife, publishers, and friends in both Europe and America. Among the many important personalities with whom he came into contact were the composers Stravinsky and Milhaud, the conductors Mengelberg, Furtwängler, Koussevitzky, and Klemperer, and the choreographers Massine and Balanchine.

Published to coincide with the centenary of Hindemith's birth, the letters fill out our portrait of him and provide an absorbing chronicle of his life and times.
Geoffrey Skelton is the author of Paul Hindemith: The Man Behind the Music and many other books and translations from the German.
=648  \0$a20th Century (1901-2000)$1http://www.wikidata.org/entity/Q6927$920936
=650  \0$aComposer$1http://www.wikidata.org/entity/Q36834$93625
=650  \0$aCorrespondence$1http://www.wikidata.org/entity/Q1784733$921392
=700  \\$4edt$aSkelton, Geoffrey$920120
=942  \\$cBOO
=952  \\$00$10$2ddc$40$6BIO_HIND_A$70$8BIO$918937$aORPH$bORPH$cKTS1_P$d2021-09-07$oBIO HIND a$p20134837$r2021-01-12 00:00:00$w2021-01-12$yBOO
=999  \\$d18877

