=LDR  00527aam a2200169   4500
=001  18878
=005  20251009081722.0
=008  160126s1975\\\\\\\\\\\\\\\\\\\\\\0\e
=020  \\$a9780156806541
=041  \\$aeng
=100  \\$4edt$aKermode, Frank$920121
=245  \\$aselected prose of T.S.Eliot
=260  \\$aSan Diego$bHarcourt$c1975
=300  \\$a320
=942  \\$cBOO
=952  \\$00$10$2ddc$40$6LIT_KERM_A$70$8LIT$918938$aORPH$bORPH$cKM12_2_H$d2021-08-18$g18.00$oLIT KERM a$p20134010$r2021-01-12 00:00:00$w2021-01-12$yBOO
=999  \\$c18878$d18878

