=LDR  01491aam a2200229   4500
=001  18883
=005  20250120120531.0
=008  150513s1969\\\\\\\\\\\\\\\\\\\\\\0\fre
=020  \\$a9782020050098
=041  \\$afre
=100  \\$aKristeva, Julia$d1941-$4aut$1http://www.wikidata.org/entity/Q159876$916796
=245  \\$aSemeiotiké : recherches pour une sémanalyse
=250  \\$a1st ed.
=260  \\$aParis$bSeuil$c1969
=300  \\$a318 pages
=490  \\$aEssais$v96
=520  \\$aCe titre dans son inscription grecque se veut un rappel muet des débuts occidentaux du savoir sur le signe et le sens. La sémiotique, ici, se propose comme le lieu depuis lequel s'articulera une théorie générale des modes de signifier. Visant en même temps à interroger ou à refondre les systèmes linguistiques et logiques par les analyses du sujet et de l'histoire appelées par Freud et Marx, elle se désigne comme une sémanalyse.


L'élaboration de la sémanalyse déplaçant les limites du signe, du sens, de la structure, devait nécessairement trouver pour point de départ un " objet exclu de l'ordre du savoir puisque soulignant ses bords: "la littérature" "
=650  \0$aLiterature$1http://www.wikidata.org/entity/Q8242$94439
=650  \0$aSemiotics$1http://www.wikidata.org/entity/Q60195$923080
=942  \\$cBOO
=952  \\$00$10$2ddc$40$6PHI_KRIS_A$70$8PHI$918943$aORPH$bORPH$cKM12_3_2$d2021-08-10$g7.00$l2$oPHI KRIS a$p20133491$r2023-04-05 00:00:00$s2023-04-05$w2021-01-12$yBOO
=999  \\$d18883

