=LDR  01281aam a2200181   4500
=001  18887
=005  20230123111102.0
=008  130326s2002\\\\\\\\\\\\\\\\\\\\\\0\e
=020  \\$a9780415363754
=041  \\$aeng
=100  \\$aChandler, Daniel$4aut$920128
=245  \\$aSemiotics: The basic
=260  \\$aLondon$bRoutledge$c2002
=300  \\$a307
=520  \\$aThis updated second edition provides a clear and concise introduction to the key concepts of semiotics in accessible and jargon-free language. With a revised introduction and glossary, extended index and suggestions for further reading, this new edition provides an increased number of examples including computer and mobile phone technology, television commercials and the web.
 
Demystifying what is a complex, highly interdisciplinary field, key questions covered include:
 "What is a sign?
 "Which codes do we take for granted?
 "How can semiotics be used in textual analysis?
 "What is a text?
 
A highly useful, must-have resource, Semiotics: The Basics is the ideal introductory text for those studying this growing area.

=942  \\$cBOO
=952  \\$00$10$2ddc$40$6PHI_0_000000000000000_CHAN$70$8PHI$918947$aORPH$bORPH$cKM12_3_2$d2021-08-18$g14.46$oPHI0 CHAN$p20134004$r2021-01-12 00:00:00$w2021-01-12$yBOO
=999  \\$c18887$d18887

