=LDR  02534aam a2200277   4500
=001  18892
=005  20250925143305.0
=008  131128s2003\\\\\\\\\\\\\\\\\\\\\\0\eng
=020  \\$a9780226076294
=041  \\$aeng
=100  \\$aBrown, Bill$4aut$920131
=245  \\$aA Sense of Things: The Object Matter of American Literature
=260  \\$aChicago$bThe University of Chicago Press$c2003
=300  \\$axii-245 pages
=520  \\$aIn May 1906, the Atlantic Monthly commented that Americans live not merely in an age of things, but under the tyranny of them, and that in our relentless effort to sell, purchase, and accumulate things, we do not possess them as much as they possess us. For Bill Brown, the tale of that possession is something stranger than the history of a culture of consumption. It is the story of Americans using things to think about themselves. Brown's captivating new study explores the roots of modern America's fascination with things and the problem that objects posed for American literature at the turn of the century. This was an era when the invention, production, distribution, and consumption of things suddenly came to define a national culture. Brown shows how crucial novels of the time made things not a solution to problems, but problems in their own right. Writers such as Mark Twain, Frank Norris, Sarah Orne Jewett, and Henry James ask why and how we use objects to make meaning, to make or remake ourselves, to organize our anxieties and affections, to sublimate our fears, and to shape our wildest dreams. Offering a remarkably new way to think about materialism, A Sense of Things will be essential reading for anyone interested in American literature and culture.
=600  10$aTwain, Mark$d1835-1910$1http://www.wikidata.org/entity/Q7245$927194
=600  \0$aJames, Henry$d1843-1916$1http://www.wikidata.org/entity/Q170509$923999
=648  \0$a19th Century (1801-1900)$1http://www.wikidata.org/entity/Q6955$920935
=648  \0$a20th Century (1901-2000)$1http://www.wikidata.org/entity/Q6927$920936
=650  \0$aMaterial culture$1http://www.wikidata.org/entity/Q2143054$921735
=650  \0$aLiterature$1http://www.wikidata.org/entity/Q8242$94439
=650  \0$aCultural history$1http://www.wikidata.org/entity/Q858517$922395
=651  \0$aUSA$1http://www.wikidata.org/entity/Q30$943
=942  \\$cBOO
=952  \\$00$10$2ddc$40$6TOP_US_6_000000000000000$70$8TOP$918952$aORPH$bORPH$cKTS0$d2024-03-20$g14.00$l0$oTOP US 6$p20132250$r2021-01-12 00:00:00$w2021-01-12$yBOO$Vamazon.co.uk
=999  \\$d18892

