=LDR  01900aam a2200205   4500
=001  18894
=005  20250109133047.0
=008  140114s1996\\\\\\\\\\\\\\\\\\\\\\0\eng
=020  \\$a9780933452954
=041  \\$aeng
=245  \\$aSenses of Place
=260  \\$aSanta Fe$bSchool of American Research Press$c1996
=300  \\$a293$b18 black-and-white illustrations, references, notes, index
=505  \\$gContributors: Keith H. Basso, Karen I. Blu, Edward S. Casey, Steven Feld, Charles O. Frake, Clifford Geertz, Miriam Kahn, Kathleen C. Stewart
=520  \\$aThe complex relationship of people to places has come under increasing scholarly scrutiny in recent years as acute global conditions of exile, displacement, and inflamed borders, to say nothing of struggles by indigenous peoples and cultural minorities for ancestral homelands, land rights, and retention of sacred places, have brought the political question of place into sharp focus. But to date, little attention has been paid to the ethnography of place, to how people actually live in, perceive, and invest with meaning the places they call home. 
In this compelling new volume, eight respected ethnographers explore and lyrically evoke the ways in which people experience, express, imagine, and know the places in which they live. Case studies range from the Apaches of Arizona's White Mountains to the residents of backwoods hollers in Appalachia and the Kaluli people of New Guinea's rainforests. As these writers confront the dilemmas and possibilities of an anthropological consideration of place, they make an important and moving contribution to our understanding of ourselves.
=700  \\$4edt$aFeld, Steven$920132
=700  \\$4edt$aBasso, Keith H.$920133
=942  \\$cBOO
=952  \\$00$10$2ddc$40$6PHI_FELD_A$70$8PHI$918954$aORPH$bORPH$cKM12_3_2$d2021-08-09$g16.00$oPHI FELD a$p20133260$r2021-01-12 00:00:00$w2021-01-12$yBOO
=999  \\$d18894

