=LDR  01576aam a2200181   4500
=001  18897
=005  20230123102454.0
=008  120417s2007\\\\\\\\\\\\\\\\\\\\\\0\eng
=020  \\$a9780520254961
=041  \\$aeng
=100  \\$aSmith, Mark M.$4aut$917745
=245  \\$aSensing the Past:$bSeeing, Hearing, Smelling, Tasting, and Touching in History
=260  \\$aCalifornia$bUniversity of California Press$c2007
=300  \\$a180 pages
=520  \\$aDo we rely on different senses now than the ones we relied on in the past? How have our senses affected history? How have the senses themselves changed? What role have the senses played in the ways we discriminate? Exploring illuminating examples from antiquity to the twenty-first century, this lively, concise introduction to the essential, emerging field of sensory history presents a new way of looking at the past that takes the everyday, the average, and the banal as seriously as it takes the history of elites, the intellect, and the exceptional. Considering each of the five senses, Mark M. Smith explores diverse subjects: visual culture in Victorian Britain and South America, sound in nineteenth-century Australia and France, gender politics and touch in early modern Europe and in native America, "race" and olfaction in the United States and scent in ancient Christianity, and the role of taste in shaping national identity in modern China and early America.

=942  \\$cBOO
=952  \\$00$10$2ddc$40$6AES_SMIT$70$8AES$918957$aORPH$bORPH$cKM12_1$d2021-08-31$g42.00$oAES SMIT$r2021-01-12 00:00:00$w2021-01-12$yBOO
=999  \\$d18897

