=LDR  00563aam a2200157   4500
=001  18902
=005  20250109133035.0
=008  191008s1959\\\\\\\\\\\\\\\\\\\\\\0\eng
=041  \\$aeng
=100  \\$aHughes, Dom Anselm$d1889-1974$4aut$1http://www.wikidata.org/entity/Q52156660$919232
=245  \\$aSeptuagesima
=260  \\$aWestminster$bThe Plainsong & Mediaeval Music Society$c1959
=300  \\$a76 pages
=942  \\$cBOO
=952  \\$00$10$2ddc$40$6BIO_HUGH_E$70$8BIO$918962$aORPH$bORPH$cKTS1_P$d2022-01-05$oBIO HUGH e$p20126011$r2021-01-12 00:00:00$w2021-01-12$yBOO
=999  \\$d18902

