=LDR  00727aam a2200169   4500
=001  18904
=005  20230123111103.0
=008  170606s2012\\\\\\\\\\\\\\\\\\\\\\0\dut
=041  \\$adut
=100  \\$aPuymbroeck, Stefan$4aut$920140
=245  \\$aSergei Prokofievs' Maddalena als voorstudie tot De Vuurengel: onderzoek bij de instrumentatie van Maddalena
=260  \\$aAntwerpen$bUniversiteit Antwerpen$c2012
=300  \\$a143 pages
=520  \\$aProefschrift voorgelegd tot het behalen van de graad van doctor in de Kunsten aan de Universiteit Antwerpen.
=942  \\$cDIS
=952  \\$00$10$2ddc$40$6MTP_5_000000000000000_PUYM$70$8MTP$918964$aORPH$bORPH$cKM12_1$d2021-08-31$oMTP5 PUYM$p20131409$r2021-01-12 00:00:00$w2021-01-12$yDIS
=999  \\$d18904

