=LDR  02765aam a2200229   4500
=001  18905
=005  20251010155358.0
=008  130906s2013\\\\\\\\\\\\\\\\\\\\\\0\dut
=020  \\$a9789035136243
=041  \\$adut
=100  \\$aScheijen, Sjeng$4aut$920141
=245  \\$aSergej Diaghilev: $been leven voor de kunst
=260  \\$aAmsterdam$bBert Bakker$c2013
=300  \\$a637
=520  \\$aDe legendarische Rus Sergej Diaghilev (1872-1929) - oprichter van de vermaarde Ballets Russes in 1909 - behoort tot de invloedrijkste artistieke pioniers van de twintigste eeuw. Diaghilev was een artistieke visionair met een onbreekbare wilskracht, die het artistieke schokeffect tot zijn handelsmerk maakte. Sjeng Scheijen, slavist en specialist op het gebied van de Russische kunst van de negentiende en vroegtwintigste eeuw, schreef een overrompelende biografie, die in de Nederlandse en Engelse pers juichend werd ontvangen. Het boek werd door The Sunday Times verkozen tot een van de 'Best Biographies of 2009'.
Recensie(s)

Charmant, emotioneel, wispelturig, vastberaden, passioneel, hardwerkend, een dromer, doener, inspirator, visionair... al deze termen zijn toepasbaar op de legendarische Russische balletmeester Sergej Diaghilev (1872-1929), de oprichter van het Ballets Russes. De slavist Sjeng Scheijen (1972) verwerkte in deze biografie zijn vondsten uit archieven in Rusland, Amerika, Parijs en Londen. Dit levert een prachtig boek op dat een boeiend inzicht geeft in het leven van de man die een stempel drukte op ontwikkelingen in kunst en cultuur in Rusland, West-Europa en Amerika. Nijinsky, Mata Hari, Stravinsky, Pavlova, Picasso, Prokofjev, Tolstoj ('Een heilige, hij is werkelijk een heilige! We waren zo aangedaan dat we bijna huilden', schrijft Dhiaghilev als student over zijn ontmoeting met de schrijver) en nog vele anderen passeren de revue. Scheijen heeft een talent voor schrijven, hij brengt een wervelende tijd tot leven in een aanstekelijk, vlot geschreven boek met veel sappige details. Naast een aantal zwart-witfoto's bevat het boek tientallen fraaie portretjes de de kunstvrienden van elkaar maakten. Met literatuur/noten/register. Voor geinteresseerden in cultuurgeschiedenis, Rusland, ballet, theater en beeldende kunst.<br/><br/>Redactie
=600  \0$aDiaghilev, Serge$d1872-1929$1http://www.wikidata.org/entity/Q211513$921028
=610  \0$aBallets russes$1http://www.wikidata.org/entity/Q214423$921029
=648  \0$a20th Century (1901-2000)$1http://www.wikidata.org/entity/Q6927$920936
=942  \\$cBOO
=952  \\$00$10$2ddc$40$6BIO_DIAG_D$70$8BIO$918965$aORPH$bORPH$cKTS1_P$d2021-10-19$g24.00$oBIO DIAG d$p20129611$r2021-01-12 00:00:00$w2021-01-12$yBOO
=999  \\$c18905$d18905
=650  \0$aBallet$1http://www.wikidata.org/entity/Q41425$94412

