=LDR  01524aam a2200265   4500
=001  18910
=005  20250925143305.0
=008  120328s2005\\\\\\\\\\\\\\\\\\\\\\0\dut
=020  \\$a9789053528655
=041  \\$adut$hger
=100  \\$4aut$aSloterdijk, Peter$916892
=245  \\$aSferen
=260  \\$aAmsterdam$bBoom$c2005
=300  \\$a948 pages
=520  \\$aSloterdijk onderneemt in Sferen de ambitieuze poging de geschiedenis van de mensheid te vertellen. Daarbij gaat hij niet langer van de traditionele filosofische vraag uit 'Wat is de mens?'. Voor de auteur is de vraag 'Waar is de mens?' belangrijker. Waar leven de mensen nadat ze tot het besef gekomen zijn dat ze op een kogel of globe wonen, en die vreemde onmetelijke ruimte tot hun huis moeten maken? Om deze vraag te beantwoorden, ontwikkelt Sloterdijk zijn theorie van de sferen: de mens is vóór alles een 'sferenbouwer', want hij moet vorm geven aan de onmetelijkheid van de wereld.

=534  \\$cFrankfurt am Main: Suhrkamp, 1998-99
=590  \\$aI Bellen microsferologie; II Globes macrosferologie
=648  \0$a20th Century (1901-2000)$1http://www.wikidata.org/entity/Q6927$920936
=650  \0$aPhilosophy$1http://www.wikidata.org/entity/Q5891$92357
=651  \0$aGermany$1http://www.wikidata.org/entity/Q183$9155
=700  \\$4trl$aDriessen, Hans$920144
=765  \\$aSphären
=942  \\$cBOO
=952  \\$00$10$2ddc$40$6PHI_SLOT_A$70$8PHI$918970$aORPH$bORPH$cKM12_3_2$d2022-01-04$oPHI SLOT a$p20133964$r2021-01-12 00:00:00$w2021-01-12$yBOO
=999  \\$d18910

