=LDR  01201aam a2200193   4500
=001  18915
=005  20230123111106.0
=008  170104s2013\\\\\\\\\\\\\\\\\\\\\\0\eng
=020  \\$a9789081035705
=041  \\$aeng
=245  \\$aShare: Handbook for artistic research education
=260  \\$aAmsterdam, Dublin, Göteburg$bELIA$c2013
=300  \\$a364 pages
=520  \\$aThe SHARE Handbook for Artistic Research Education is a poly-vocal document, designed as a contribution to the field of artistic research education from an organisational, procedural and practical standpoint. As a provisional disclosure of the state of the art within specific constituencies, this publication seeks to be serviceable to many different agendas and projects, and it attempts to do this by demonstrating the lived contradictions of what is simultaneously both an emerging and fully formed domain of research education. http://www.sharenetwork.eu/resources
=700  \\$4edt$aWilson, Mick$920156
=700  \\$4edt$aRuiten, Schelte van$920157
=942  \\$cBOO
=952  \\$00$10$2ddc$40$6REF_2_000000000000000_WILS$70$8REF$918975$aORPH$bORPH$cKM12_1$d2021-08-24$oREF2 WILS$p20131167$r2021-01-12 00:00:00$w2021-01-12$yBOO
=999  \\$d18915

