=LDR  00803aam a2200169   4500
=001  18916
=005  20230123111106.0
=008  190527r19861983\\\\\\\\\\\\\\\\\\0\eng
=041  \\$aeng
=100  \\$aHarden, Bettie Jean$4aut$920158
=245  \\$aSharps, flats, and scribes: "musica ficta" in the Machaut manuscripts.$bVolume I: text, Volume II: edition
=260  \\$aMichigan$bUniversity microfilms international$c1986 (1983)
=300  \\$a698 pages
=520  \\$aA Thesis presented to the Faculty of the Graduate School of Cornell Univesity in Partial Fulfillment of the Enquirements for the Degree of Doctor of Philosophy, 1983
=942  \\$cDIS
=952  \\$00$10$2ddc$40$6MTP_5_000000000000000_HARD$70$8MTP$918976$aORPH$bORPH$cKM12_1$d2021-08-31$oMTP5 HARD$p20134095$r2021-01-12 00:00:00$w2021-01-12$yDIS
=999  \\$d18916

