=LDR  03622aam a2200193   4500
=001  18923
=005  20230123101203.0
=008  111122s2008\\\\\\\\\\\\\\\\\\\\\\0\eng
=041  \\$aeng
=100  \\$aÖstersjö, Stefan$4aut$916302
=245  \\$aShut up 'n' play! Negotiating the musical work
=260  \\$aMalmö$bMalmö academies of performing arts, Lund university$c2008
=300  \\$a397 pages
=490  \\$aDoctoral studies and research in fine and performing arts$v5
=520  \\$a'SHUT UP ?N? PLAY! Negotiating the Musical Work? is a piece of artistic research that attempts to merge artistic practice, qualitative research methods and critical analysis in a project concerned with contemporary performance practices, and specifically how these practices are created and transmitted in the interaction between composer and performer. By way of a critical reading of the musico-philosophical discussion of the ontology of the musical work and by way of a deconstruction of the concept of musical interpretation I propose a model in which the identity of the musical work is analysed as the result of interaction between multiple agents: composer, performer, instrument, score and electronics, among others. My critique of the debate of authenticity in musical performance leads to the identification of a number of agents associated with the concept of authenticity that also exert their influence in the field of the work. I propose that musical interpretation can be divided into two kinds: analytic interpretation and thinking-through-practice. The former is dependent on language, but also on the abstraction of musical notation. The latter is basically performed by means of action and perception, and is dependent on the perceptual system and how it is attuned to the environment. Building on Gibson?s ecological theory of perception and his concept of affordances, I further elaborate on the various modalities of this second species of musical interpretation out of which, the two main categories are thinking-through-hearing (?concrete listening?) and thinking-through-performing. ?The Field of the Musical Work?, is applied to the analysis of a series of projects that I performed together with six composers. These projects were documented on video and this material was further structured according to qualitative research methods. The main topics that emerge in my analysis of the collaborative work are: the impact of the regulative work-concept in contemporary practice and how we can see different kinds of open works emerge; the significance of the interaction between composer and performer and the cultural tools that are used in this dynamic (notation, instrument, electronics but I also discuss changes in the agency of composer and performer, introducing the role of the ?curator? and ?artistic director?; the function of musical interpretation in the practice of both composer and performer; the role of the performer in the transmission of a musical tradition. The main artistic results of the dissertation are two CD?s: Kent Olofsson?s Corde for guitarist and orchestra, recorded with the Gothenburg symphony and Mario Venzago on Phono Suecia and Tales From the North, the complete guitar works of Per Nørgård released on Caprice records.
=942  \\$cBOO
=952  \\$00$10$2ddc$3DVD$40$6MTP_5_000000000000000_OSTE$70$8MTP$918984$aORPH$bORPH$cKM12_1$d2021-08-31$oMTP5 OSTE$p20131379$r2021-01-12 00:00:00$w2021-01-12$yDIS
=952  \\$00$10$2ddc$3DVD$40$6MTP_5_000000000000000_OSTE$70$8MTP$920502$aORPH$bORPH$cKM12_1$d2021-08-31$l0$oMTP5 OSTE$p20134099$r2021-08-31 00:00:00$w2021-01-12$yDIS
=999  \\$d18923

