=LDR  01641aam a2200229   4500
=001  18933
=005  20251001162234.0
=008  181203s1955\\\\\\\\\\\\\\\\\\\\\\0\fre
=041  \\$afre
=100  \\$aDe Keyser, Eugénie$4aut$920169
=245  \\$aLa signification de l'art dans les Ennéades de Plotin
=260  \\$aLeuven$bBibliothèque de l'université de Louvain$c1955
=300  \\$a124 pages
=490  \\$aReceuil de travaux d'histoire et de philologie$v4e série, fascicule 7
=500  \\$aUncut exemplar
=520  \\$aLes Ennéades sont une collection de courts traités, rédigés (en grec) par Plotin à partir de 2541 jusqu'à sa mort en 270 ap. J.-C. Cette collection d'écrits contient la totalité de la philosophie de Plotin ; elle constitue sa seule et unique Suvre, et elle nous est parvenue en intégralité. L'Suvre de Plotin était déjà reconnue de son vivant, et il ne fait aucun doute qu'elle influença toute la philosophie occidentale, particulièrement grâce au succès qu'elle rencontra auprès des Pères de l'Église (dont surtout Grégoire de Nysse et saint Augustin), par l'intermédiaire de Marius Victorinus. Elle est l'expression la plus aboutie du néoplatonisme.
=600  \0$aPlotinus$d203-270$1http://www.wikidata.org/entity/Q134189$924310
=648  \0$aClassical Antiquity (8th Century BC-6th Century AD)$1http://www.wikidata.org/entity/Q486761$921435
=650  \0$aAesthetics$1http://www.wikidata.org/entity/Q35986$921494
=942  \\$cBOO
=952  \\$00$10$2ddc$40$6PHI_PLOT_B_DEKE$70$8PHI$918994$aORPH$bORPH$cKM12_3_2$d2021-08-02$oPHI PLOT b DEKE$p20132848$r2021-01-12 00:00:00$w2021-01-12$yBOO
=999  \\$d18933

