=LDR  02571aam a2200241   4500
=001  18935
=005  20250716103226.0
=008  180921s1897\\\\\\\\\\\\\\\\\\\\\\0\fre
=041  \\$afre
=245  \\$aSigurd.$bOpéra en quatre actes, neuf tableaux
=260  \\$aParis$bCalmann Lévy$c1897
=300  \\$a60 pages
=520  \\$aSigurd est un opéra en quatre actes, neuf tableaux et deux ballets d'Ernest Reyer, sur un livret de Camille du Locle et Alfred Blau. Tout comme la tétralogie de l'Anneau du Nibelung de Wagner, l'histoire se base sur la chanson des Nibelungen et les Eddas, avec des différences cruciales par rapport à la version wagnérienne plus connue (le rôle du surnaturel est limité, et remplacé plutôt par le destin ; le prologue se déroulant au Paradis dans la version originale a d'ailleurs été retiré par la suite). En comparaison avec l'Suvre de Wagner, Sigurd peut se décrire comme une épopée avec les techniques du grand opéra.

Initialement esquissée en 1862 (et terminée, au brouillon, en 1867), l'Suvre a attendu de nombreuses années avant de pouvoir être jouée en intégralité. L'orchestration des différents fragments progressait très lentement, et une fois terminés ils étaient parfois joués lors de concerts différents. Le projet original de monter l'Suvre à l'Opéra de Paris ayant échoué, Sigurd fut créé au Théâtre de la Monnaie à Bruxelles le 7 janvier 1884. Dans l'année qui suivit, il fut joué avec beaucoup de succès à Covent Garden, Lyon, Monte-Carlo et, finalement, à l'Opéra de Paris le 12 juin 1885. Dans les années qui suivirent, il fut également donné à La Nouvelle-Orléans et à la Scala de Milan. Depuis, il est repris de manière périodique, principalement en France et à Monaco.
=600  \0$aReyer, Ernest$d1823-1909$1http://www.wikidata.org/entity/Q516937$919310
=610  \0$aDe Munt / La Monnaie (Brussels, Belgium)$1http://www.wikidata.org/entity/Q551479$921000
=648  \0$a19th Century (1801-1900)$1http://www.wikidata.org/entity/Q6955$920935
=650  \0$aLibretto$1http://www.wikidata.org/entity/Q131084$94031
=650  \0$aLibretto$1http://www.wikidata.org/entity/Q131084$94031
=700  \\$4lbt$aDu Locle, Camille$d1832-1903$1http://www.wikidata.org/entity/Q445273$920170
=700  \\$4lbt$aBlau, Alfred$d1827-1896$1http://www.wikidata.org/entity/Q4722342$920171
=942  \\$cBOO
=952  \\$00$10$2ddc$40$6KTS_1_000000000000000_C3_15_13$70$8RAR$918996$aORPH$bORPH$cKTS1_C3$d2021-09-08$oKTS1 C3.15 (13)$p20136437$r2021-01-12 00:00:00$w2021-01-12$yBOO
=999  \\$c18935$d18935

