=LDR  01592aam a2200217   4500
=001  18940
=005  20250925143305.0
=008  150316s1981\\\\\\\\\\\\\\\\\\\\\\0\fre
=020  \\$a2718602104
=041  \\$afre
=100  \\$aBaudrillard, Jean$d1929-2007$4aut$1http://www.wikidata.org/entity/Q182847$916670
=245  \\$aSimulacres et simulation
=260  \\$aParis$bGalilée$c1981
=300  \\$a234 pages
=520  \\$aAujourd'hui l'abstraction n'est plus celle de la carte, du double, du miroir ou du concept. La simulation n'est plus celle d'un territoire, d'un être référentiel, d'une substance. Elle est la génération par les modèles d'un réel sans origine ni réalité : hyperréel. Le territoire ne précède plus la carte, ni ne lui survit. Cest désormais la carte qui précède le territoire – précession des simulacres – c'est elle qui engendre le territoire et s'il fallait reprendre la fable, c'est aujourd'hui le territoire dont les lambeaux pourrissent lentement sur l'étendue de la carte. C'est le réel, et non la carte, dont les vestiges subsistent çà et là, dans les déserts qui ne sont plus ceux de l'Empire, mais le nôtre. Le désert du réel lui-même.
=648  \0$a20th Century (1901-2000)$1http://www.wikidata.org/entity/Q6927$920936
=650  \0$aPhilosophy$1http://www.wikidata.org/entity/Q5891$92357
=651  \0$aFrance$1http://www.wikidata.org/entity/Q142$9131
=942  \\$cBOO
=952  \\$00$10$2ddc$40$6PHI_BAUD_A$70$8PHI$919001$aORPH$bORPH$cKM12_3_2$d2021-08-11$l1$oPHI BAUD a$p20133575$r2025-01-20 16:30:11$s2024-12-16$w2021-01-12$yBOO
=999  \\$d18940

