=LDR  01992aam a2200241   4500
=001  18943
=005  20251010154351.0
=008  140822s2007\\\\\\\\\\\\\\\\\\\\\\0\eng\d
=020  \\$a9780521873918
=041  \\$aeng
=100  \\$aTomlinson, Gary$4aut$1http://www.wikidata.org/entity/Q5526068$919920
=245  \\$aThe Singing of the New World:$bIndigenous Voice in the Era of European Contact
=260  \\$aCambridge$bCambridge University Press$c2007
=300  \\$a220 pages
=490  \\$aNew Perspectives in Music History and Criticism
=520  \\$aIn The Singing of the New World Gary Tomlinson offers histories of ancient music long since silent: the songs of the Indians that Europeans met in the sixteenth century. Merging recent cultural history, early European accounts, archaeological findings, and rare indigenous documents for the Mexica (or Aztecs), the Incas, and the Tupinamba of lowland Brazil, Tomlinson explores the place of singing in these societies. He details the expressive and ritual ends it was expected to fulfil before and after the coming of the conquistadors. Musical practices and the cultural ends they served come alive across a spectrum that reaches from the cosmogonic geometry of Inca ritual song through the imminent sacred materiality of Mexican cantares to the intricate interconnections of singing, speaking and eating in Tupinamba cannibalism. A final chapter considers the fears mutually and repeatedly inspired by the expressive powers of American and European song.
=650  \0$aMusic history$1http://www.wikidata.org/entity/Q846047$921373
=650  \0$aCuckoo$1http://www.wikidata.org/entity/Q18845$922474
=650  \0$aSinging$1http://www.wikidata.org/entity/Q27939$92767
=650  \0$aEthnomusicology$1http://www.wikidata.org/entity/Q208365$920991
=942  \\$cBOO
=952  \\$00$10$2ddc$40$6GEN_10_000000000000000$70$8GEN$919004$aORPH$bORPH$cKM12_1$d2014-08-18$l1$oGEN10$p20139088$r2022-06-08 00:00:00$s2021-03-12$v78.89$w2014-08-18$yBOO
=999  \\$d18943

