=LDR  01743aam a2200217   4500
=001  18945
=005  20250120120038.0
=008  140214s2000\\\\\\\\\\\\\\\\\\\\\\0\ger
=020  \\$a3515077162
=041  \\$ager
=100  \\$aHentschel, Frank$4aut$920178
=245  \\$aSinnlichkeit und Vernunft in der mittelalterlichen Musiktheorie
=260  \\$aStuttgart$bSteiner$c2000
=300  \\$a368 pages
=490  \\$aBeihefte zum Archiv für Musikwissenschaft$vXLVII
=520  \\$aAny form of theoretical examination of music must deal with the problem of how sensual experience is conceptualised. Inspired methodologically by Thomas S. Kuhn, the author examines this problem from an interdisciplinary, historical perspective using the examplAny form of theoretical examination of music must deal with the problem of how sensual experience is conceptualised. Inspired methodologically by Thomas S. Kuhn, the author examines this problem from an interdisciplinary, historical perspective using the example of medieval music theory from the environment of the University of Paris around 1300. 
The starting point is the analysis of valuation strategies underlying the order of consonances. Since medieval musica theorica was considered a mathematical science, i.e. a philosophical discipline, the descriptions often lead into the history of philosophy and science. (Transalted with Deepl.com)
=648  \0$aMiddle Ages (500-1400)$1http://www.wikidata.org/entity/Q12554$920964
=650  \0$aMusic theory$1http://www.wikidata.org/entity/Q193544$92662
=942  \\$cBOO
=952  \\$00$10$2ddc$40$6GHM_3_000000000000000$70$8GHM$919006$aORPH$bORPH$cKM12_1$d2022-09-02$g81.00$l1$oGHM3$p20143873$r2024-10-08 16:17:21$s2021-03-12$w2021-01-12$yBOO$VBrockhaus
=999  \\$d18945

