=LDR  01100aam a2200181   4500
=001  18948
=005  20250109133048.0
=008  150303s2005\\\\\\\\\\\\\\\\\\\\\\0\e
=020  \\$a9780761930563
=041  \\$ae
=100  \\$aClarke, Adele E.$4aut$920181
=245  \\$aSituational analysis: Grounded theory after the postmodern turn
=260  \\$aThousand Oaks$bSage Publications$c2005
=300  \\$a364
=520  \\$aSituational Analysis: Grounded Theory After the Postmodern Turn provides an innovative approach to grounded theory useful in a wide array of qualitative research projects. Extending Anselm Strausss ecological social worlds/arenas/discourses framework, this book offers researchers three kinds of maps that place an emphasis on the range of differences rather than commonalities, as found via the traditional grounded theory approach. These maps include situational, social worlds/arena, and positional maps.
=942  \\$cBOO
=952  \\$00$10$2ddc$40$6PHI_CLAR_A$70$8PHI$919009$aORPH$bORPH$cKM12_3_2$d2021-08-11$g57.00$oPHI CLAR a$p20130524$r2021-01-12 00:00:00$w2021-01-12$yBOO
=999  \\$c18948$d18948

