=LDR  01864aam a2200181   4500
=001  18950
=005  20230123111110.0
=008  120906s2009\\\\\\\\\\\\\\\\\\\\\\0\fre
=100  \\$aVan Hees, Jean-Pierre$4aut$920182
=245  \\$aSituation de la cornemuse et de ses techniques de jeu traditionelles spécifiques dans l'interprétation des musiques historiques et actuelles
=246  \1$aSituering van de doedelzak en zijn specifieke traditionele speeltechnieken in de uitvoering van historische en actuele muziek
=260  \\$aLeuven$bHogeschool voor wetenschap & kunst$c2009
=300  \\$a331 pages$e3 CD's , folded chart
=500  \\$aVerhandeling aangeboden voor het bekomen van de graad van Doctor in de Kunsten Optie Muziek
=520  \\$aWie aan de doedelzak denkt, denkt meteen aan continuklank. Het is inderdaad rond dit geluidsidee dat de doedelzak is ontstaan. Omwille van deze eigenschap, zijn er op de doedelzak originele speeltechnieken ontwikkeld die ritmische effecten, frasering en nuances mogelijk maken en die het instrument een unieke rijkdom geven. Het onderzoek wordt gericht op de betekenis van continuklank in de muziekcultuur, op de plaats die de doedelzak als muzikaal medium inneemt in de West- en Centraal-Europese regio, alsook op de wijze waarop doedelzakspelers in het verleden de verschillende historische muziekgenres vermoedelijk, of al dan niet, hebben bespeeld. Het op elkaar betrekken van historische getuigenissen en levende traditionele gegevens kan nieuwe inzichten opleveren bij het reconstrueren van een historische muziekpraxis en nieuwe vooruitzichten bij het integreren van een instrument met continuklank in de moderne muzikale context.
=942  \\$cDIS
=952  \\$00$10$2ddc$3CD : 2$40$6MTP_5_000000000000000_VANH$70$8MTP$919011$aORPH$bORPH$cKM12_1$d2021-08-31$oMTP5 VANH$p20130512$r2021-01-12 00:00:00$w2021-01-12$yDIS
=999  \\$d18950

