=LDR  00531aam a2200145   4500
=001  18953
=005  20250120120115.0
=008  160822s\\\\\\\\\\\\\\\\\\\\\\\\\\0\e
=041  \\$ae
=100  \\$aToop, Richard$4aut$917539
=245  \\$aSix lectures from the Stockhausen Courses Kürten 2002
=520  \\$a216 pages in English with numerous musical examples, sketches in colour, hard cover in colour,
=942  \\$cBOO
=952  \\$00$10$40$70$8COLL_UNK$919014$aORPH$bORPH$cLOC_UNK$d2021-01-12$l0$r2021-01-12 00:00:00$w2021-01-12$yBOO
=999  \\$c18953$d18953

