=LDR  00791aam a2200169   4500
=001  18956
=005  20250109133048.0
=008  120716s2004\\\\\\\\\\\\\\\\\\\\\\0\eng
=041  \\$aeng
=100  \\$aIwazumi, Ray$4aut$920184
=245  \\$aThe six sonates pour violon seul, Op. 27 of Eugène Ysaÿe: Critical commentary and interpretive analysis of the sketches, manuscripts, and published editions.$bPart I: Preface to Sonata No.4 pages i to 104
=260  \\$c2004
=300  \\$a104 pages
=520  \\$aSubmitted in partial fulfillment of the requirements for the Doctor of Musical Arts degree (The Juilliard School).
=942  \\$cDIS
=952  \\$00$10$2ddc$40$6MTP_5_000000000000000_IWAZ$70$8MTP$919017$aORPH$bORPH$cKM12_1$d2021-08-31$oMTP5 IWAZ$p20131360$r2021-01-12 00:00:00$w2021-01-12$yDIS
=999  \\$d18956

