=LDR  01812aam a2200205   4500
=001  18958
=005  20250925143305.0
=008  180328s2018\\\\\\\\\\\\\\\\\\\\\\0\dut
=020  \\$a9789462671331
=041  \\$adut
=100  \\$aHecke, Rudolf$4aut$920185
=245  \\$aDe sixties:$bSeks! Drugs! Rock-'n-roll! Revolutie!
=260  \\$aBerchem$bEPO$c2018
=300  \\$a207 pages
=520  \\$a'The times, they are a-changin.' Een halve eeuw geleden hing de oerkreet overal, je hoorde het op pleinen, aan universiteiten, in fabrieken en keukens. Dit boek is de biografie van die opwindende periode en vertelt het verhaal van een generatie die de oude wereld failliet verklaarde, de verbeelding aan de macht hielp en aan het experimenteren sloeg. Het leest als een cocktail van betogingen tegen de oorlog in Vietnam, seksnummers die hommeles veroorzaken en provo's die lsd in het leidingwater dreigen te gieten. Maar ook van de strijd tegen kerk en kapitaal, de opmars van de pil en ... muziek. Veel muziek. Van The Beatles en de Stones tot Jefferson Airplane, van krautrock tot Miel Cools - want hoe onwaarschijnlijk ook: er was een link. Rudolf Hecke spreekt met Belgische en Nederlandse hoofdrolspelers als Boudewijn de Groot, Roland, Wim T. Schippers en vele anderen, bladert door kranten en grasduint door lp's die ertoe doen. De auteur oogstte al bakken lof voor zijn twee Gainsbourgbiografieën. Met dit boek graaft hij naar de wortels van zijn eerste grote liefde, de magische jaren zestig.
=648  \0$a20th Century (1901-2000)$1http://www.wikidata.org/entity/Q6927$920936
=650  \0$aCuckoo$1http://www.wikidata.org/entity/Q18845$922474
=942  \\$cBOO
=952  \\$00$10$2ddc$40$6HUM_HECK$70$8HUM$919019$aORPH$bORPH$cKTS1_H$d2018-03-15$g23.25$oHUM HECK$p20130599$r2021-01-12 00:00:00$w2021-01-12$yBOO
=999  \\$d18958

