=LDR  01248aaa a2200241   4500
=001  18964
=005  20250925143305.0
=008  130521s2002\\\\\\\\\\\\\\\\\\\\\\0\ger
=041  \\$ager
=100  \\$aSchaller, Erika$4aut$915969
=245  \\$aSkizzenforschung und ihre Konsequenzen für gängige musikwissenschaftliche Interpretationsmodele:$bEinige Anmerkungen zu Luigi Nonos musikalischen Manuskripten aus den Jahren 1946-1970
=260  \\$aFlorence$bOlschki$c2002
=300  \\$a12 pages
=500  \\$aOffprint from 'La nuova ricerca sull'opera di Luigi Nono : Archivio Luigi Nono, Studi I', ed. Gianmario Borio, Giovanni Morelli and Veniero Rizzardi
=520  \\$aRelation entre les ébauches musicales et les modèles d'interprétation

=600  \0$aNono, Luigi$d1924-1990$1http://www.wikidata.org/entity/Q160451$917010
=648  \0$a20th Century (1901-2000)$1http://www.wikidata.org/entity/Q6927$920936
=650  \0$aComposing$1http://www.wikidata.org/entity/Q92186587$93076
=650  \0$aMusical sketch$92029
=651  \0$aItaly$1http://www.wikidata.org/entity/Q38$922
=942  \\$cBOO
=952  \\$00$10$2ddc$40$6BIO_NONO_E$70$8BIO$919025$aORPH$bORPH$cKTS1_P$d2022-09-02$l0$oBIO NONO e$p20130092$r2021-01-12 00:00:00$w2021-01-12$yBOO
=999  \\$d18964

