=LDR  01678aam a2200193   4500
=001  18967
=005  20241202101133.0
=008  120111s2000\\\\\\\\\\\\\\\\\\\\\\0\e
=020  \\$a0192853465
=041  \\$aeng
=100  \\$4Auteur$aJust, Peter$920191
=100  \\$4Auteur$aMonaghan, John$920192
=245  \\$aSocial & cultural antropology: A very short introduction
=260  \\$aOxford$bOxford university press$c2000
=300  \\$a160
=520  \\$a"If you want to know what anthropology is, look at what anthropologists do," write the authors of Social and Cultural Anthropology: A Very Short Introduction. This engaging overview of the field combines an accessible account of some of the discipline's guiding principles and methodology with abundant examples and illustrations of anthropologists at work.
Peter Just and John Monaghan begin by discussing anthropology's most important contributions to modern thought: its investigation of culture as a distinctively human characteristic, its doctrine of cultural relativism, and its methodology of fieldwork and ethnography. Drawing on examples from their own fieldwork in Indonesia and Mesoamerica, they examine specific ways in which social and cultural anthropology have advanced our understanding of human society and culture. Including an assessment of anthropology's present position, and a look forward to its likely future, Social and Cultural Anthropology will make fascinating reading for anyone curious about this social science.
=942  \\$cBOO
=952  \\$00$10$2ddc$40$6PHI_0_000000000000000_JUST$70$8PHI$919028$aORPH$bORPH$cKM12_3_2$d2021-08-18$oPHI0 JUST$p20133971$r2021-01-12 00:00:00$w2021-01-12$yBOO
=999  \\$c18967$d18967

