=LDR  01254aam a2200253   4500
=001  18970
=005  20250120120938.0
=008  170706s1891\\\\\\\\\\\\\\\\\\\\\\0\fre\d
=041  \\$afre
=100  \\$aHarroy, Elisée$d1841-1905$1http://www.wikidata.org/entity/Q74800989$4aut$920195
=245  \\$aSociété d'Harmonie Verviers: concert du 7 janvier 1891$bLa symphonie de M. L. Kefer
=260  \\$aVerviers$bCh. Vinche$c1891
=300  \\$a16 pages$bpaper bound
=500  \\$aanalysis of the symphony by Louis Kefer, Belgian composer and violinist
=504  \\$ahttps://srhverviers.be/
=610  \0$aLa Société Royale d'Harmonie (Verviers, Belgium)$927230
=648  \0$a19th Century (1801-1900)$1http://www.wikidata.org/entity/Q6955$920935
=650  \0$aSymphony$1http://www.wikidata.org/entity/Q9734$92527
=650  \0$aMusical analysis$1http://www.wikidata.org/entity/Q1544924$92775
=651  \0$aVerviers (Belgium)$1http://www.wikidata.org/entity/Q202954$927229
=700  \\$aKefer, Louis$d1842-1926$1http://www.wikidata.org/entity/Q4219867$4cmp$927228
=942  \\$cBOO
=952  \\$00$10$2ddc$40$6KTS_1_000000000000000_H_02_056$70$8RAR$919031$aORPH$bORPH$cKTS1_H$d2024-04-09$l0$oKTS1 H.02.056$p20146508$r2021-01-12 00:00:00$w2021-01-12$yBOO
=999  \\$d18970

