=LDR  00644aam a2200169   4500
=001  18972
=005  20250109133048.0
=008  110829s1977\\\\\\\\\\\\\\\\\\\\\\0\dut
=020  \\$a9023213114
=100  \\$aSegers, J.H.G.$4aut$920197
=245  \\$aSociologische onderzoeksmethoden : Inleiding tot de structuur van het onderzoeksproces en tot de methoden van dataverzameling
=250  \\$a2
=260  \\$aAmsterdam$bVan Gorcum$c1977
=300  \\$a336 pages
=942  \\$cBOO
=952  \\$00$10$2ddc$40$6REF_2_000000000000000_SEGE$70$8REF$919033$aORPH$bORPH$cKM12_1$d2021-08-24$l1$oREF2 SEGE$p20131189$r2025-06-03 11:21:24$s2025-06-03$w2021-01-12$yBOO
=999  \\$d18972

