=LDR  01401aam a2200181   4500
=001  18973
=005  20230123111112.0
=008  120111s1999\\\\\\\\\\\\\\\\\\\\\\0\e
=020  \\$a0192853805
=041  \\$aeng
=100  \\$aBruce, Steve$4aut$920198
=245  \\$aSociology: A very short introduction
=260  \\$aOxford$bOxford university press$c1999
=300  \\$a109
=520  \\$aSteve Bruce conveys the essence of the field of sociology in this fascinating volume. A well-known populizer of the discipline, Bruce presents here an introduction to a way of thinking that will appeal to anyone interested in deepening their understanding of modern society.
Bruce reasserts the value of sociology as a social science, as a framework of understanding the human condition that grounds its explanations in reliable observations of the real world. Drawing on studies of social class, crime and deviance, work in bureaucracies, and changes in religious and political organizations, Bruce explores the tension between the individual's role in society and society's role in shaping the individual. Sociology: A Very Short Introduction demonstrates the value of sociology as a perspective for understanding the modern world.
=942  \\$cBOO
=952  \\$00$10$2ddc$40$6PHI_0_000000000000000_BRUC$70$8PHI$919034$aORPH$bORPH$cKM12_3_2$d2021-08-18$oPHI0 BRUC$p20134005$r2021-01-12 00:00:00$w2021-01-12$yBOO
=999  \\$c18973$d18973

