=LDR  02296aam a2200229   4500
=001  18976
=005  20250120120159.0
=008  160701s1871\\\\\\\\\\\\\\\\\\\\\\0dfre\d
=041  \\$afre
=100  \\$aBerlioz, Hector$d1803-1869$4aut$1http://www.wikidata.org/entity/Q1151$99542
=245  \\$aLes soirées de l'orchestre
=260  \\$aParis$bLévy$c1871
=300  \\$a428 pages
=520  \\$aCet ouvrage, publié en 1852, est un recueil de nouvelles déjà parues en feuilleton dans la presse, dont les sujets tournent autour de la musique. Le prétexte est le suivant : les musiciens d'un orchestre du nord de l'Europe ont l'habitude, "pendant l'exécution des opéras médiocres", de lire, d'étudier ou de se raconter des histoires à tour de rôle. "L'auteur" est le rapporteur et parfois lui-même le narrateur d'anecdotes et "petits romans". Ces histoires plus ou moins longues, mélangeant la réalité et la fiction, souvent farfelues, sont l'occasion pour Berlioz de développer ses idées sur "l'état présent de la musique, ses défauts, ses malheurs et ses chagrins", et sur les musiciens, les chanteurs ou le public : "le public des trois quarts de l'Europe est à cette heure aussi inaccessible que les matelots chinois au sentiment de l'expression musicale". On y trouve également une réflexion sur la critique, un article féroce sur l'administration de l'Opéra de Paris "amoureux fou de la médiocrité", des "esquisses biographiques" de Spontini et de Paganini, un hommage à Rossini. et encore une longue et curieuse "nouvelle de l'avenir" située en 2344 (vingt-cinquième soirée), Euphonia ou la ville musicale, qui décrit une ville idéale entièrement consacrée à la musique, où les habitants ? tous musiciens ? se déplacent en ballon.
=534  \\$aOriginally published in 1852
=648  \0$a19th Century (1801-1900)$1http://www.wikidata.org/entity/Q6955$920935
=650  \0$aMusic criticism$1http://www.wikidata.org/entity/Q11748889$921598
=650  \0$aComposer$1http://www.wikidata.org/entity/Q36834$93625
=651  \0$aFrance$1http://www.wikidata.org/entity/Q142$9131
=942  \\$cBOO
=952  \\$00$10$2ddc$40$6KTS_1_000000000000000_H_10_021$70$8RAR$919037$aORPH$bORPH$cKTS1_H$d2021-11-23$oKTS1 H.10.021$p20129617$r2021-01-12 00:00:00$w2021-01-12$yBOO
=999  \\$d18976

