=LDR  01505aam a2200265   4500
=001  18982
=005  20250120120938.0
=008  160726s1889\\\\\\\g\\\\\\\\\\\\\\0\fre\d
=041  \\$afre
=059  \\$av
=100  \\$aMiry, Karel$d1823-1889$4aut$920206
=245  \\$aSolfège des écoles primaires: Deuxième partie.
=250  \\$a5th ed.
=260  \\$aNamur$bLibrairie classique et scientifique de Ad. Wesmael-Charlier$c1889
=300  \\$a[ii]-68 pages$bmusic examples
=590  \\$aTexte des chants arrangé et recueilli par G. Stanislaus. Ouvrage porté, par arrête royal du 15 avril 1884, au Catalogue des manuels classiques pour l'enseignement dans les écoles primaires.
=648  \0$a19th Century (1801-1900)$1http://www.wikidata.org/entity/Q6955$920935
=650  \0$aSolfège$1http://www.wikidata.org/entity/Q159563$927221
=650  \0$aMusic education$1http://www.wikidata.org/entity/Q27908$921766
=651  \0$aBelgium$1http://www.wikidata.org/entity/Q31$920881
=942  \\$cBOO
=952  \\$00$10$2ddc$40$6KTS_1_000000000000000_H_06_022$70$8RAR$919043$aORPH$bORPH$cKTS1_H$l0$oKTS1 H.06.022$p20146675$r2021-01-12 00:00:00$w2021-01-12$yBOO
=952  \\$00$10$2ddc$40$6KTS_1_000000000000000_H_06_023$70$8RAR$923367$aORPH$bORPH$cKTS1_H$d2024-06-12$l0$oKTS1 H.06.023$p20146674$r2024-06-12 00:00:00$w2021-01-12$yBOO
=952  \\$00$10$2ddc$40$6KTS_1_000000000000000_H_06_024$70$8RAR$923368$aORPH$bORPH$cKTS1_H$d2024-06-12$l0$oKTS1 H.06.024$p20146673$r2024-06-12 00:00:00$w2021-01-12$yBOO
=999  \\$d18982

