=LDR  01161aam a2200241   4500
=001  18984
=005  20250120120938.0
=008  160726s1883\\\\\\\g\\\\\\\\\\\\\\0\fre\d
=041  \\$afre
=100  \\$aMiry, Karel$d1823-1889$4aut$920206
=245  \\$aSolfège des écoles primaires: $bTroisième partie.
=250  \\$a2nd ed.
=260  \\$aNamur$bLibrairie classique et scientifique de Ad. Wesmael-Charlier$c1883
=300  \\$a[ii]-135 pages
=561  \\$aKTS1 H.06.026 : Ex libris A.C. Veyberghs (manuscript)
=648  \0$a19th Century (1801-1900)$1http://www.wikidata.org/entity/Q6955$920935
=650  \0$aSolfège$1http://www.wikidata.org/entity/Q159563$927221
=650  \0$aMusic education$1http://www.wikidata.org/entity/Q27908$921766
=651  \0$aBelgium$1http://www.wikidata.org/entity/Q31$920881
=942  \\$cBOO
=952  \\$00$10$2ddc$40$6KTS_1_000000000000000_H_06_025$70$8RAR$919045$aORPH$bORPH$cKTS1_H$l0$oKTS1 H.06.025$p20146676$r2021-01-12 00:00:00$w2021-01-12$yBOO
=952  \\$00$10$2ddc$40$6KTS_1_000000000000000_H_06_026$70$8RAR$923369$aORPH$bORPH$cKTS1_H$d2024-06-12$l0$oKTS1 H.06.026$p20146677$r2024-06-12 00:00:00$w2021-01-12$yBOO
=999  \\$d18984

