=LDR  00626aam a2200169   4500
=001  18999
=005  20250109133048.0
=008  170306s1913\\\\\\\\\\\\\\\\\\\\\\0\f
=041  \\$afre
=100  \\$aSelva, Blanche$4aut$920216
=245  \\$aLa sonate: étude de son évolution technique historique et expressive en vue de l'interprétation et de l'audition
=250  \\$a2ième
=260  \\$aParis$bRouart, Lerolle & Cie$c1913
=300  \\$a250 pages
=942  \\$cBOO$2ddc
=952  \\$00$10$2ddc$40$6GEN_12_000000000000000$70$8GEN$919060$aORPH$bORPH$cKM12_1$d2021-08-17$oGEN12$p20135384$r2021-01-12 00:00:00$w2021-01-12$yBOO
=999  \\$c18999$d18999

