=LDR  01217aam a2200253   4500
=001  19002
=005  20250821124557.0
=008  190625s1944\\\\\\\g\\\\\\\\\\\\\\0\fre\d
=041  \\$afre
=100  \\$4aut$aProd'homme, Jacques-Gabriel$d1871-1956$1http://www.wikidata.org/entity/Q3157945$916216
=245  \\$aLes Sonates pour piano de Beethoven (1782-1823)
=260  \\$aParis$bLibrairie Delagrave$c1944
=300  \\$a203 pages
=600  \0$aBeethoven, Ludwig van$d1770-1827$1http://www.wikidata.org/entity/Q255$95335
=648  \0$a18th Century (1701-1800)$1http://www.wikidata.org/entity/Q7015$920899
=648  \0$a19th Century (1801-1900)$1http://www.wikidata.org/entity/Q6955$920935
=650  \0$aKeyboard music$1http://www.wikidata.org/entity/Q105715630$921412
=650  \0$aSonata$1http://www.wikidata.org/entity/Q131269$921653
=650  \0$aPiano$1http://www.wikidata.org/entity/Q5994$92127
=650  \0$aMusical analysis$1http://www.wikidata.org/entity/Q1544924$92775
=700  \\$4win$aBerthou, Louis$920221
=942  \\$cBOO
=952  \\$00$10$2ddc$40$6BIO_BEET_E$70$8BIO$919063$aORPH$bORPH$cKTS1_P$d2022-09-07$l1$m4$oBIO BEET e$p20112181$q2022-03-16$r2021-03-10 00:00:00$s2021-03-10$w2021-01-12$yBOO
=999  \\$d19002

