=LDR  00588aam a2200181   4500
=001  19008
=005  20250120120042.0
=008  190906s1995\\\\\\\\\\\\\\\\\\\\\\0\e
=020  \\$a377512134X
=041  \\$aeng
=100  \\$aFallows, David$4aut$916445
=245  \\$aThe songs of Guillaume Dufay
=260  \\$aNeuhausen-Stuttgart$bHänssler-Verlag$c1995
=300  \\$a276
=490  \\$aMusicological studies & documents$v47
=942  \\$cBOO
=952  \\$00$10$2ddc$40$6BIO_DUFA_E$70$8BIO$919069$aORPH$bORPH$cKTS1_P$d2021-10-19$oBIO DUFA e$p20129722$r2021-01-12 00:00:00$w2021-01-12$yBOO
=999  \\$c19008$d19008

