=LDR  00853aam a2200193   4500
=001  19013
=005  20250120120115.0
=008  150505s2005\\\\\\\\\\\\\\\\\\\\\\0\eng
=041  \\$aeng
=100  \\$4aut$aToop, Richard$917539
=245  \\$aSonntags-abschied (Sunday-Farewell): A report
=260  \\$aKürten$bStockhausen Verlag$c2005
=300  \\$a20
=520  \\$aRichard Toop: SONNTAGS - ABSCHIED ( SUNDAY FAREWELL ) - a Report
( 22 pages in English with numerous musical examples and 2 colour photographs )
=600  \0$aStockhausen, Karlheinz$d1928-2007$1http://www.wikidata.org/entity/Q37546939$915865
=648  \0$a21st Century (2001-2100)$1http://www.wikidata.org/entity/Q6939$920812
=942  \\$cBOO
=952  \\$00$10$2ddc$40$6BIO_STOC_B$70$8BIO$919074$aORPH$bORPH$cKTS1_P$d2021-10-18$oBIO STOC b$p20134247$r2021-01-12 00:00:00$w2021-01-12$yBOO
=999  \\$d19013

