=LDR  00563aam a2200169   4500
=001  19014
=005  20250120120058.0
=008  120323s1992\\\\\\\\\\\\\\\\\\\\\\0\f
=020  \\$a9782906571237
=041  \\$afre
=100  \\$aBosseur, Jean-Yves$4aut$917013
=245  \\$aLe sonore et le visuel: intersections musique-arts plastiques aujourd'hui
=260  \\$aParis$bDis voir$c1992
=300  \\$a158
=942  \\$cBOO
=952  \\$00$10$2ddc$40$6VIS_BOSS$70$8VIS$919075$aORPH$bORPH$cKTS1_H$d2022-09-20$l0$oVIS BOSS$p20111063$r2021-01-12 00:00:00$w2021-01-12$yBOO
=999  \\$c19014$d19014

