=LDR  01324aam a2200181   4500
=001  19015
=005  20230123101254.0
=008  120717s2004\\\\\\\\\\\\\\\\\\\\\\0\mul
=020  \\$a9783897272675
=041  \\$ager$aeng
=100  \\$aMetzger, Christoph$4cur$916612
=245  \\$aSonoric Atmospheres. Ostseebiennale der Klangkunst 2004
=260  \\$aSaarbrücken$bPFAU$c2004
=300  \\$a138 pages
=520  \\$aDer Katalog dokumentiert und kommentiert die erste Veranstaltung einer Reihe, die für einen Zeitraum von 100 Tagen zwischen Mai und September 2004 an der Küste Mecklenburg-Vorpommerns Klang- und Lichtinstallationen mit international führenden Künstlern, Komponisten und Autoren zu erleben war. Architektonische und landschaftliche Gegebenheiten der Kunsthalle Rostock, dem Münster in Bad Doberan, der Seebrücke in Heiligendamm, der Uferpromenade und Kunsthalle von Kühlungsborn sowie die St. Nikolai Kirche, der Alte Hafen und der Überseehafen von Wismar wurden künstlerisch interpretiert. Es entstanden richtungweisende Verbindungen von visuellen und akustischen Inhalten, die zu einer Bestandsaufnahme der Klangkunst wurden.


=942  \\$cBOO
=952  \\$00$10$2ddc$40$6REF_3_000000000000000_METZ$70$8REF$919076$aORPH$bORPH$cKM12_1$d2021-08-26$oREF3 METZ$p20134305$r2021-01-12 00:00:00$w2021-01-12$yBOO
=999  \\$d19015

