=LDR  01479aam a2200181   4500
=001  19016
=005  20230123101254.0
=008  120717s2006\\\\\\\\\\\\\\\\\\\\\\0\mul
=020  \\$a9783897273276
=041  \\$ager$aeng
=100  \\$aMetzger, Christoph$4cur$916612
=245  \\$aSonoric Perspectives. Ostseebiennale der Klangkunst 2006-2008
=260  \\$aSaarbrücken$bPFAU$c2006
=300  \\$a68 pages
=520  \\$aSonoric Perspectives - die diesjährige Ostseebiennale der Klangkunst widmet sich zwei Schwerpunkten: Skizzen und Schülerprojekten im Bereich der Klangkunst. Wohl erstmals in der Geschichte der jungen innovativen Gattung wird der Versuch unternommen im Medium von Zeichnung  Partitur  Skizze jene Momente der Werkgenese zu dokumentieren, die sonst der Öffentlichkeit nicht zugänglich sind. Das Schülerprojekt wird auf spielerischem Weg in Techniken der jungen Form einführen und Perspektiven künstlerischer Positionen im Ausgang der Fluxus-Bewegung der 1960er Jahre bieten. Es werden Grundlagen der Klangkunst mit Schülern aus Rostock und Stralsund sowie dem Blinden und Sehbehinderten Verband MV erarbeit und in Form akustischer Karten dokumentiert: Klangliches Material wird aus der Perspektive täglichen Hörens qualifiziert beschrieben und als akustische Atmosphäre erfasst.
=942  \\$cBOO
=952  \\$00$10$2ddc$40$6REF_3_000000000000000_METZ$70$8REF$919077$aORPH$bORPH$cKM12_1$d2021-08-26$oREF3 METZ$p20134306$r2021-01-12 00:00:00$w2021-01-12$yBOO
=999  \\$d19016

