=LDR  01588aam a2200181   4500
=001  19030
=005  20230123111117.0
=008  120322s1999\\\\\\\\\\\\\\\\\\\\\\0\e
=020  \\$a9783791320823
=041  \\$aeng
=100  \\$aMaur, Karin V.$4aut$920235
=245  \\$aThe sound of painting: Music in modern art
=260  \\$aMunich$bPrestel$c1999
=300  \\$a127
=520  \\$aPainters and musicians have always found inspiration by sharing ideas from both disciplines. How this relationship developed from Philipp Otto Runge's "compositions" in painting to Jean Tinguely's and Niki de Saint Phalle's musical sculpture is the focus of this volume. Selected images and quotations from composers and artists are blended into this study. Runge and Richard Wagner recognised the interdependency of music and art in the creation of abstract, symbolic language. However, as in the work of Matisse, the figurative representation of musicians or instruments soon developed into a structural relationship between sound and color. By the 1960s the two arts, represented in particular by Jackson Pollock and John Cage converged in the Fluxus "happenings" where participants such as Joseph Beuys and Yves Klein sought to push back the boundaries of modern art . In the 1990s the sculpture of Pol Bury or Takis contunues the quest to make sound tangible and new digital technologies have introduced even further possibilities.

=942  \\$cBOO
=952  \\$00$10$2ddc$40$6VIS_MAUR$70$8VIS$919091$aORPH$bORPH$cKTS1_H$d2022-09-20$g4.00$l0$oVIS MAUR$p20111039$r2021-01-12 00:00:00$w2021-01-12$yBOO
=999  \\$c19030$d19030

