=LDR  02122aam a2200193   4500
=001  19033
=005  20250925143305.0
=008  131211s1977\\\\\\\\\\\\\\\\\\\\\\0\eng
=020  \\$a9780892814558
=041  \\$aeng
=100  \\$aSchafer, R. Murray$d1933-2021$4aut$920237
=245  \\$aThe Soundscape:$bOur Sonic Environment and the Tuning of the World
=260  \\$aRochester, NJ$bDestiny$c1977
=300  \\$a301 pages
=520  \\$aThe soundscape--a term coined by the author--is our sonic environment, the ever-present array of noises with which we all live. Beginning with the primordial sounds of nature, we have experienced an ever-increasing complexity of our sonic surroundings. As civilization develops, new noises rise up around us: from the creaking wheel, the clang of the blacksmiths hammer, and the distant chugging of steam trains to the sound imperialism of airports, city streets, and factories. The author contends that we now suffer from an overabundance of acoustic information and a proportionate diminishing of our ability to hear the nuances and subtleties of sound. Our task, he maintains, is to listen, analyze, and make distinctions. 

As a society we have become more aware of the toxic wastes that can enter our bodies through the air we breathe and the water we drink. In fact, the pollution of our sonic environment is no less real. Schafer emphasizes the importance of discerning the sounds that enrich and feed us and using them to create healthier environments. To this end, he explains how to classify sounds, appreciating their beauty or ugliness, and provides exercises and soundwalks to help us become more discriminating and sensitive to the sounds around us. This book is a pioneering exploration of our acoustic environment, past and present, and an attempt to imagine what it might become in the future.
=648  \0$a20th Century (1901-2000)$1http://www.wikidata.org/entity/Q6927$920936
=942  \\$cBOO
=952  \\$00$10$2ddc$40$6AES_SCHA$70$8AES$919094$aORPH$bORPH$cKM12_1$d2021-09-21$g15.89$l2$m1$oAES SCHA$p20135367$q2022-09-13$r2021-09-21 00:00:00$s2021-09-21$w2021-01-12$yBOO
=999  \\$d19033

