=LDR  01778aam a2200193   4500
=001  19035
=005  20251001162314.0
=008  120117s1989\\\\\\\\\\\\\\\\\\\\\\0\eng
=020  \\$a0877226776
=041  \\$aeng
=100  \\$aKivy, Peter$d1934-2017$4aut$1http://www.wikidata.org/entity/Q7175228$916145
=245  \\$aSound Sentiment:$bAn Essay on the Musical Emotions. Including the Complete Text of the Corded Shell
=260  \\$aPhiladelphia, PA$bTemple University Press$c1989
=300  \\$a286 pages
=520  \\$a"Kivy's is a lucid and eminently readable account, interesting both historically and conceptually, of musical expressiveness--flexible in that it gives scope to both the contour and the convention models, the account becoming more convincing as one reads, as the theory is applied to more and more specific passages of music, and as one after another bit of irrelevancy or pseudo-mysticism is progressively shucked off." --John Hospers, Journal of Aesthetic Education "The Corded Shell, in its clarity, judiciousness, and breadth, will clearly take its place as a major work on musical expression. Those who seek to chart the murky waters of musical aesthetics are permanently in Kivy's debt." --Jerrold Levinson, Canadian Philosophical Review "Informed, lucid, and witty, Professor Kivy's argument brings enlightened solace to the musical amateur and tempers the harsh stance of the musical purist. A splendid contribution to the aesthetics of music." --Virginia Quarterly Review
=650  \0$aMusic philosophy and aesthetics$1http://www.wikidata.org/entity/Q2092865$921165
=942  \\$cBOO
=952  \\$00$10$2ddc$40$620131607_000000000000000$70$8AES$919096$aORPH$bORPH$cKM12_1$d2022-03-31$l1$o20131607$p2011349$r2022-03-31 00:00:00$s2021-03-12$w2021-01-12$yBOO
=999  \\$d19035

