=LDR  01626aam a2200193   4500
=001  19039
=005  20230123111117.0
=008  120917s2005\\\\\\\\\\\\\\\\\\\\\\0\eng
=020  \\$a9780253217806
=041  \\$aeng
=245  \\$aSourcebook for research in music, second edition
=260  \\$aBloomington$bIndiana University Press$c2005
=300  \\$a381 pages
=520  \\$aThe Sourcebook for Research in Music, in this revised and greatly expanded second edition, is an invaluable guide to the researcher in navigating the vast proliferation of materials in music research. The editors emphasize English-language and recent sources, and also include essential materials in other languages. An opening chapter of introductory materials, including a list of common bibliographical terms with definitions, German and French bibliographical terms, and the plan of the Library of Congress and the Dewey Decimal music classification systems, is followed by seven bibliographical chapters, covering lists of sources as well as collective annotations that introduce and identify specific items. A reference tool containing varied information relating to research in music, the Sourcebook will serve as a classroom text and as a resource for individual music researchers, librarians, faculty members, students, performing and teaching musicians, and musical amateurs.
=700  \\$4aut$aCrabtree, Philip D.$920240
=700  \\$4aut$aFoster, Donald H.$915925
=942  \\$cBOO
=952  \\$00$10$2ddc$40$6REF_2_000000000000000_CRAB$70$8REF$919100$aORPH$bORPH$cKM12_1$d2021-08-23$oREF2 CRAB$p20131229$r2021-01-12 00:00:00$w2021-01-12$yBOO
=999  \\$d19039

