=LDR  01376aam a2200217   4500
=001  19040
=003  OSt
=005  20250109133048.0
=008  131115s2011\\\\\\\\\\\\\\\\\\\\\\0\e
=020  \\$a9780520257481
=040  \\$cST
=041  \\$aeng
=100  \\$4aut$aAustin, Larry$920241
=100  \\$4aut$aKahn, Douglas$919263
=245  \\$aSource: Music of the Avant-garde, 1966-1973
=260  \\$aBerkeley$bUniversity of California Press$c2011
=300  \\$a382 pages
=520  \\$aThe journal Source: Music of the Avant-garde was and remains a seminal source for materials on the heyday of experimental music and arts. Conceived in 1966 and published to 1973, it included some of the most important composers and artists of the time: John Cage, Harry Partch, David Tudor, Morton Feldman, Robert Ashley, Pauline Oliveros, Dick Higgins, Nam June Paik, Steve Reich, and many others. A pathbreaking publication, Source documented crucial changes in performance practice and live electronics, computer music, notation and event scores, theater and installations, intermedia and technology, politics and the social roles of composers and performers, and innovations in the sound of music.
=942  \\$cBOO$2ddc
=952  \\$00$10$2ddc$40$6GHM_7_000000000000000$70$8GHM$919101$aORPH$bORPH$cKM12_1$d2021-02-08$g69.00$l0$oGHM 7$p20130708$r2021-01-12 00:00:00$w2021-01-12$yBOO
=999  \\$c19040$d19040

