=LDR  01097aam a2200193   4500
=001  19042
=005  20250109133530.0
=008  171123s1981\\\\\\\\\\\\\\\\\\\\\\0\fre
=020  \\$a2222029856
=041  \\$afre
=110  \\$4edt$aCentre national de la recherche scientifique (Paris, France)$1http://www.wikidata.org/entity/Q280413$922083
=245  \\$aLes sources en musicologie: actes des journées d'études de la société française de musicologie à l'institut de recherche et d'histoire des textes d'Orléans la source (9-11 septembre 1979)
=260  \\$aParis$bEd. du Centre national de la recherche scientifique$c1981
=300  \\$a176 pages
=520  \\$aPublication de l' I.R.H.T.Contribution à l'étude des sources musicales manuscrites. Conservation et exploitation en vue de la restitution et de l'interprétation de cette musique écrite antique et médiévale.
=700  \\$4edt$aGlénisson, Jean$920252
=942  \\$cBOO
=952  \\$00$10$2ddc$40$6REF_3_000000000000000_CNRS$70$8REF$919103$aORPH$bORPH$cKM12_1$d2021-08-26$oREF3 CNRS$p20134321$r2021-01-12 00:00:00$w2021-01-12$yBOO
=999  \\$d19042

