=LDR  00593aam a2200193   4500
=001  19054
=005  20250120120047.0
=008  120919s2006\\\\\\\\\\\\\\\\\\\\\\0\d
=020  \\$a3883778419
=041  \\$ad
=100  \\$4Editor$aMetzger, Heinz-Klaus$d1932-2009$916532
=100  \\$4Editor$aRiehn, Rainer$916533
=245  \\$aDer späte Schumann
=260  \\$aMunich$bEdition text + kritik$c2006
=300  \\$a222
=490  \\$aMusik-Konzepte$vSonderband
=942  \\$cBOO
=952  \\$00$10$40$70$8COLL_UNK$919115$aORPH$bORPH$cLOC_UNK$d2021-01-12$l0$r2021-01-12 00:00:00$w2021-01-12$yBOO
=999  \\$c19054$d19054

