=LDR  01691aam a2200217   4500
=001  19057
=008  120206s2008\\\\\\\\\\\\\\\\\\1\\\0\eng\d
=020  \\$a9789944396271
=041  \\$aeng
=245  \\$aSpectral World Musics:$bProceedings of the Istanbul Spectral Music Conference 2003
=260  \\$aIstanbul$bPan Yayincilik$c2008
=300  \\$a457 pages$e2 CDs
=520  \\$aThis collection is an outcome of the Spectral Musics Conference held at Istanbul Technical University, 18-23 November 2003, organized by Michael Ellison, Robert Reigle, and Pieter Snapper.

Written from a variety of perspectives by experts in such fields as composition, ethnomusicology, historical musicology, performance, and improvisation, this collection of papers sheds new light on the history of timbre and spectral thinking. As Robert Reigle explains in his important introduction, "Some musics around the world clearly foreground timbre, and these may unambiguously be called 'spectral musics'." The Istanbul Spectral Music Conference, at which these papers were presented, therefore redefined "spectral music" to encompass any music foregrounding timbre as an important element of structure or musical language.
=650  \0$1http://www.wikidata.org/entity/Q43343$aFolk music$921594
=650  \0$aSpectral music$1http://www.wikidata.org/entity/Q1245902$923825
=650  \0$aArtistic research$1http://www.wikidata.org/entity/Q20827087$921804
=700  \\$4edt$aReigle, Robert$920260
=700  \\$4edt$aWhitehead, Paul$920261
=942  \\$cBOO
=952  \\$00$10$2ddc$40$6REF_3_000000000000000_REIG$70$8REF$919118$aORPH$bORPH$cKM12_1$d2021-08-26$oREF3 REIG$p20134309$r2021-01-12 00:00:00$w2021-01-12$yBOO
=999  \\$d19057

