=LDR  00572aam a2200157   4500
=001  19060
=005  20250109133049.0
=008  161206s1901\\\\\\\\\\\\\\\\\\\\\\0\f
=041  \\$afre
=100  \\$aGriveau, Maurice$4aut$920267
=245  \\$aLa sphère de beauté: lois d'évolution, de rythme et d'harmonie dans les phénomènes esthétiques
=260  \\$aParis$bFélix Alcan$c1901
=300  \\$a928
=942  \\$cBOO
=952  \\$00$10$2ddc$40$6PHI_GRIV_A$70$8PHI$919122$aORPH$bORPH$cKM12_3_2$d2021-08-11$g90.00$oPHI GRIV a$p20133712$r2021-01-12 00:00:00$w2021-01-12$yBOO
=999  \\$c19060$d19060

