=LDR  00950aam a2200217   4500
=001  19061
=008  180904r19591911gw\h\\\\\\\\\\\\\\0\ger\d
=041  \\$ager
=100  1\$4aut$aSchlick, Arnolt$dfl. 1511-12$925790
=245  \\$aSpiegel der Orgelmacher und Organisten (Speyer 1511)
=260  \\$aMainz$bRheingold$c1959
=300  \\$a134 pages
=590  \\$aFaksimile-Neudruck nebst einer Übertragung in die moderne deutsche Sprache und Erläuterungen
=648  \0$a16th Century (1501-1600)$1http://www.wikidata.org/entity/Q7017$920944
=650  \0$aOrgan$1http://www.wikidata.org/entity/Q1444$92810
=650  \0$aOrganology$1http://www.wikidata.org/entity/Q899293$921400
=651  \0$aGermany$1http://www.wikidata.org/entity/Q183$9155
=700  \\$aSmets, Paul$4cmm$920269
=942  \\$cBOO
=952  \\$00$10$2ddc$40$6INS_3_000000000000000_1C$70$8INS$919123$aORPH$bORPH$cKTS0$d2024-07-08$oINS3.1c$p20130181$r2021-01-12 00:00:00$w2021-01-12$yBOO
=999  \\$d19061

