=LDR  00520aam a2200169   4500
=001  19069
=005  20230123111122.0
=008  140425s1979\\\\\\\\\\\\\\\\\\\\\\0\d
=020  \\$a3596261112
=041  \\$ager
=100  \\$aBaumgärtner, Klaus$4aut$920273
=245  \\$aSprache 1
=260  \\$aHamburg$bFischer Taschenbuch Verlag$c1979
=300  \\$a469
=942  \\$cBOO
=952  \\$00$10$2ddc$40$6PHI_FUNK_A$70$8PHI$919131$aORPH$bORPH$cKM12_3_2$d2021-08-11$oPHI FUNK a$p20133651$r2021-01-12 00:00:00$w2021-01-12$yBOO
=999  \\$c19069$d19069

