=LDR  01273aam a2200181   4500
=001  19072
=005  20250120120038.0
=008  150707s2001\\\\\\\\\\\\\\\\\\\\\\0\d
=020  \\$a9783518291214
=041  \\$ager
=100  \\$aKrämer, Sybille$4aut$916296
=245  \\$aSprache, Sprechakt, Kommunikation: Sprachtheoretische Positionen des 20. Jahrhunderts
=260  \\$aFrankfurt am Main$bSuhrkamp$c2001
=300  \\$a286
=520  \\$aGibt es eine Sprache hinter dem Sprechen? Zwölf einflussreiche Sprachdenker des letzten Jahrhunderts werden so dargestellt, dass ihre Antwort auf diese Frage hervortritt. Dabei ergibt sich ein überraschendes Bild: Die »pragmatische Wende« trennt Saussure und Chomsky nicht mehr von Searle und Habermas. Denn diese Autoren stimmen überein in der Annahme vom logisch-genealogischen Primat der Sprache gegenüber dem jedesmaligen Sprechen. Doch für Denker wie Wittgenstein, Austin, Luhmann, Davidson, Lacan, Derrida, Butler und Bourdieu ist das sprachliche Können keineswegs fundiert in einem Wissen um die universellen Regeln von Sprache und Kommunikation.
=942  \\$cBOO
=952  \\$00$10$2ddc$40$6PHI_KRAM_A$70$8PHI$919134$aORPH$bORPH$cKM12_3_2$d2021-08-10$g14.00$oPHI KRAM a$p20133464$r2021-01-12 00:00:00$w2021-01-12$yBOO
=999  \\$c19072$d19072

