=LDR  02740aam a2200229   4500
=001  19074
=005  20250120120150.0
=008  170120s2004\\\\\\\\\\\\\\\\\\\\\\0\ger
=041  \\$ager
=100  \\$4aut$aDürr, Walther$d1932-2018$1http://www.wikidata.org/entity/Q96942$920275
=245  \\$aSprache und Musik:$bGeschichte - Gattungen - Analysemodelle
=250  \\$a2nd ed.
=260  \\$aKassel$bBärenreiter$c2004
=300  \\$a279 pages
=490  \\$aBärenreiter Studiebücher Musik$v7
=520  \\$aIn seinem Buch, der ersten historischen Gesamtdarstellung des Themas, stellt der Tübinger Musikwissenschaftler und Schubertforscher Walther Dürr die Wechselwirkungen zwischen Sprache und Musik dar und differenziert dabei nach Epochen und Gattungen, da Regeln und Praktiken der Sprachbehandlung in der Musik immer nur für einen bestimmten Zeitraum, eine musikalische Form oder auch nur einen Komponisten Gültigkeit hatten. Vor jeder musikalischen Analyse vertonter Sprache steht für Dürr die Untersuchung der Vorgabe, also der inneren Struktur des Textes selbst, denn jedem Komponisten geht es darum, der Vorlage mit musikalischen Mitteln gerecht zu werden. Erst dann kann mit einem System möglicher Entsprechungen von sprachlichem und musikalischem Material, stets in Relation zum jeweiligen historischen Standort, dem musikalischen Gehalt des Werks nachgespürt werden. In der Musikgeschichte von 1450 bis 1950 setzt Dürr zwei Schwerpunkte: um 1600 und um 1800. Innerhalb der Gattungen werden das Madrigal, die deutsche Oper und das Lied (daneben auch Messe, Canzonette , Konzert, Motette und neueren Formen) besonders ausführlich besprochen. Äußerst spannend nimmt sich dabei das Kapitel über Sprachbezüge in Schuberts Instrumentalmusik aus, da es ganz neue Aspekte thematisiert und den Fragehorizont erweitert. Trotz des abgerundeten methodischen Systems bleibt Grundsätzliches stets ganz konkret, wird anhand exemplarischer Werkbesprechungen erklärt und gemeinsam mit dem Leser erarbeitet. Entscheidend aber ist, dass Dürrs Analysemethoden prinzipiell auf jedes andere Vokalwerk dieses Zeitraums übertragbar sind. Das praktische Arbeitsbuch enthält nicht nur Aufgaben zur Mitarbeit, sondern auch Anregungen zum Weiterdenken, wichtige Quellentexte zur Sprachvertonung (in Übersetzung), ein Glossar und Werkregister und kommentierte Auswahlliteratur.
=534  \\$aOriginally published in 1994
=650  \0$aVocal music$1http://www.wikidata.org/entity/Q685884$93319
=650  \0$aMusical analysis$1http://www.wikidata.org/entity/Q1544924$92775
=942  \\$cBOO
=952  \\$00$10$2ddc$40$6GEN_11_000000000000000$70$8GHM$919136$aORPH$bORPH$cKM12_1$d2021-08-19$g17.00$oGEN 11$r2021-01-12 00:00:00$w2021-01-12$yBOO
=999  \\$d19074

