=LDR  00583aam a2200157   4500
=001  19075
=005  20230123111123.0
=008  170214s1969\\\\\\\\\\\\\\\\\\\\\\0\d
=041  \\$ager
=100  \\$4aut$aSimon, Josef$920276
=245  \\$aSprache und Raum: philosophische Untersuchungen zum Verhältnis zwischen Wahrheit und Bestimmtheit von Sätzen
=260  \\$aBerlin$bWalter de Gruyter & Co.$c1969
=300  \\$a327
=942  \\$cBOO
=952  \\$00$10$2ddc$40$6PHI_SIMO_A$70$8PHI$919137$aORPH$bORPH$cKM12_3_2$d2021-08-18$oPHI SIMO a$p20133953$r2021-01-12 00:00:00$w2021-01-12$yBOO
=999  \\$c19075$d19075

