=LDR  00771aam a2200205   4500
=001  19079
=003  OSt
=005  20250120120027.0
=008  150701s1996\\\\\\\\\\\\\\\\\\\\\\0\n
=020  \\$a9064034400
=040  \\$cST
=041  \\$adut
=100  \\$4Hoofdredacteur$aSchönberger, Elmer$915950
=245  \\$aSsst! Nieuwe ensembles voor nieuwe muziek
=260  \\$aAmsterdam$bInternational Theatre & Film books$c1996
=300  \\$a199 pages
=942  \\$cBOO$2ddc
=952  \\$00$10$2ddc$40$6GHM_7_000000000000000$70$8GHM$919141$aORPH$bORPH$cKM12_1$l0$oGHM 7$p20135022$r2021-01-12 00:00:00$w2021-01-12$yBOO
=952  \\$00$10$2ddc$40$6GHM_7_000000000000000$70$8GHM$919927$aORPH$bORPH$cKM12_1$d2021-02-19$l0$oGHM 7$p20135359$r2021-02-19 00:00:00$w2021-02-19$yBOO
=999  \\$c19079$d19079

