=LDR  02421ajm a2200253   4500
=001  19084
=005  20250926134858.0
=008  131127s2002\\\\\\\\\|\\\\\\\\\\\\0\eng\d
=020  \\$a5099708770327
=041  \\$aeng
=100  \\$4cmp$aBach, Johann Sebastian$d1685-1750$1http://www.wikidata.org/entity/Q1339$94766
=245  \\$aA State of Wonder:$bThe Complete Goldberg Variations
=260  \\$bSony$c2002
=300  \\$a2-CD
=520  \\$aThe career of the singular and idiosyncratic pianist Glenn Gould is probably best defined by his two recordings of Bach's Goldberg Variations. The first, his major-label debut recorded in 1955, was Gould's breakthrough. A brashly virtuosic performance, it blew the doors off the established notions of playing Bach and catapulted the pianist into superstardom. The second, recorded shortly before his death in 1982, finds a more deliberate Gould giving a poised, introspective reading of the work that brilliantly articulates its emotional intensity. A STATE OF WONDER offers these legendary recordings in remastered versions along with a third disc of outtakes from the 1955 sessions and Gould's carefully scripted final radio "interview." The side-by-side comparison afforded by this excellent package makes for a fascinating listening experience. The two versions are vastly different but both bear the unmistakable stamp of the iconoclastic pianist's characteristic clarity, precision, and dedication. Each could easily be considered a quintessential performance. The remastering is of particular value to the later recording, rescuing it from the unfavorable sound quality of primitive digital technology. This elegantly produced set is a fitting tribute to a remarkable and individualistic artist. It deserves a place on any music lover's shelf.
=648  \0$a18th Century (1701-1800)$1http://www.wikidata.org/entity/Q7015$920899
=648  \0$a20th Century (1901-2000)$1http://www.wikidata.org/entity/Q6927$920936
=650  \0$aGoldberg Variations$1http://www.wikidata.org/entity/Q213728$924856
=650  \0$aPiano$1http://www.wikidata.org/entity/Q5994$92127
=651  \0$aCanada$1http://www.wikidata.org/entity/Q16$921662
=700  \\$4prf$aGould, Glenn$d1932-1982$ePiano$1http://www.wikidata.org/entity/Q216924$916347
=942  \\$cREC
=952  \\$00$10$2ddc$40$70$8REC$919146$aORPH$bORPH$cKM12_2_B$d2021-12-21$g18.00$p20114163$r2021-01-12 00:00:00$w2021-01-12$yREC
=999  \\$d19084

