=LDR  00848aam a2200217   4500
=001  19090
=008  111128s2006\\\\be\ao\\\\\\\\\\\\\0\dut\d
=020  \\$a9081039725
=041  \\$adut
=245  \\$aSteinway 170
=260  \\$aBrugge$bConcertgebouw Brugge$c2006
=300  \\$a123 pages
=520  \\$aSteinway 170 werd uitgegeven naar aanleiding van het Steinway Festival in het Concertgebouw Brugge 2006.
=610  20$926556$aSteinway & Sons
=650  \0$1http://www.wikidata.org/entity/Q5994$aPiano$92127
=650  \0$1http://www.wikidata.org/entity/Q901207$aKeyboard$923503
=700  \\$4aut$916621$aChristiaens, Jan
=700  \\$4aut$917846$aSimoens, Elise
=942  \\$cBOO
=952  \\$00$10$2ddc$40$6INS_3_000000000000000_3B_STEI$70$8INS$919152$aORPH$bORPH$cKTS0$d2023-10-03$l0$oINS3.3b STEI$p20130484$r2021-01-12 00:00:00$w2021-01-12$yBOO
=999  \\$d19090

