=LDR  00716aam a2200169   4500
=001  19094
=005  20250611110814.0
=008  200709s1990\\\\\\\\\\\\\\\\\\\\\\0\mul
=041  \\$adut$afre$dger
=100  \\$aZender, Hans$d1936-2019$4lbt$4cmp$916891
=245  \\$aStephen Climax
=260  \\$aBrussels$bKoninklijke Muntschouwburg$c1990
=650  \0$aOpera$1http://www.wikidata.org/entity/Q1344$92468
=942  \\$cBOO
=952  \\$00$10$2ddc$40$6LIT_ZEND_A$70$8LIT$919155$aORPH$bORPH$cKM12_2_H$d2021-08-24$oLIT ZEND a$p20134032$r2021-01-12 00:00:00$w2021-01-12$yBOO
=952  \\$00$10$2ddc$40$6LIT_ZEND_A$70$8LIT$919156$aORPH$bORPH$cKM12_2_H$d2021-08-24$oLIT ZEND a$p20134033$r2021-01-12 00:00:00$w2021-01-12$yBOO
=999  \\$c19094$d19094

