=LDR  00740aam a2200205   4500
=001  19095
=005  20250925143305.0
=008  111129s2000\\\\\\\\\\\\\\\\\\\\\\0\eng
=020  \\$a9780226039053
=041  \\$aeng
=100  \\$aBateson, Gregory$4aut$920285
=245  \\$aSteps to an Ecology of Mind
=260  \\$aChicago, IL$bUniversity of Chicago Press$c2000
=300  \\$a533
=534  \\$aOriginally published in 1972
=648  \0$a20th Century (1901-2000)$1http://www.wikidata.org/entity/Q6927$920936
=650  \0$aPhilosophy$1http://www.wikidata.org/entity/Q5891$92357
=942  \\$cBOO
=952  \\$00$10$2ddc$40$6PHI_BATE_A$70$8PHI$919157$aORPH$bORPH$cKM12_3_2$d2021-08-11$oPHI BATE a$p20133577$r2021-01-12 00:00:00$w2021-01-12$yBOO
=999  \\$d19095

