=LDR  01590aam a2200229   4500
=001  19100
=008  150707s2006\\\\gw\\\\\\\\\\\\\\\\0\ger
=020  \\$a9783518293898
=041  \\$ager
=245  \\$aStimme. Annäherung an ein Phänomen
=260  \\$aFrankfurt am Main$bSuhrkamp$c2006
=300  \\$a300 pages
=336  \\$aprinted
=520  \\$aDie Stimme ist ein performatives Phänomen par excellence. Das gilt für ihre Ereignishaftigkeit, ihren Aufführungscharakter, ihre Eigenschaft, Spur unseres individuellen wie auch sozialen Körpers zu sein, aber auch für ihr Subversions- und Transgressionspotential. Die Stimme ist zugleich ein Schwellenphänomen, nicht einfach Körper oder Geist, Sinnliches oder Sinn, Affekt oder Intellekt, Sprache oder Bild, Index oder Symbol, sondern sie verkörpert stets beides. Situiert zwischen zwei Seiten, stiftet sie ein Verhältnis zwischen beiden. Gerade weil das Phänomen der Stimme die Grenzen der Einzelwissenschaften überschreitet, ist ihre fachspezifische wie interdisziplinäre Erkundung und begriffliche Bearbeitung eine vorrangige Aufgabe, der sich die Beiträge in diesem Band widmen.
=650  \0$aVocal music$1http://www.wikidata.org/entity/Q685884$93319
=650  \0$aSinger$1http://www.wikidata.org/entity/Q177220$93915
=651  \0$aEurope$1http://www.wikidata.org/entity/Q46$991
=700  \\$4aut$aKolesch, Doris$920288
=700  \\$4aut$aKrämer, Sybille$916296
=942  \\$cBOO
=952  \\$00$10$2ddc$40$6INS_2A$70$8INS$919162$aORPH$bORPH$cKTS0$d2021-10-22$g12.00$oINS2a$p20130105$r2021-01-12 00:00:00$w2021-01-12$yBOO
=999  \\$d19100

