=LDR  01818aam a2200241   4500
=001  19114
=005  20250925143305.0
=008  130318s2010\\\\\\\\\\\\\\\\\\\\\\0\eng
=020  \\$a9780714529189
=041  \\$aeng
=100  \\$4aut$4ive$aStockhausen, Karlheinz$d1928-2007$1http://www.wikidata.org/entity/Q37546939$915865
=245  \\$aStockhausen:$bLectures & Interviews
=260  \\$aLondon$bMarion Boyars$c2010
=300  \\$a220 pages
=520  \\$aIf a genius is someone whose ideas survive all attempts at explanation', writes the well-known contemporary musicologist Robin Maconie, 'then by that definition Stockhausen is the nearest thing to Beethoven this century has produced. Reason? His music lasts.

With penetrating philosophical and spiritual insights Stockhausen describes, in this collection of lectures and interviews conducted in English, a whole new universe of sounds and events.

"Stockhausen's uncompromising attitude to conventional aesthetics has made him one of the world's most admired musicians."?The Independent

"Let there be no doubt that he is a giant, a monster cartographer of massive new spaces."?Tempo

"The great innovator of the 1950s and 1960s is still a fountain of ideas. Stockhausen on Music shows the extrordinary range of his mind."?The Sunday Times
=648  \0$a20th Century (1901-2000)$1http://www.wikidata.org/entity/Q6927$920936
=650  \0$aComposer$1http://www.wikidata.org/entity/Q36834$93625
=650  \0$aAvant-garde$1http://www.wikidata.org/entity/Q102932$921178
=651  \0$aGermany$1http://www.wikidata.org/entity/Q183$9155
=700  \\$4edt$aMaconie, Robin$920296
=942  \\$cBOO
=952  \\$00$10$40$70$8COLL_UNK$919176$aORPH$bORPH$cLOC_UNK$d2022-01-13$g18.65$l1$m1$p20113487$q2021-09-06$r2021-03-12 00:00:00$s2021-03-12$w2021-01-12$yBOO$Vamazon.com
=999  \\$d19114

