=LDR  01476aam a2200253   4500
=001  19121
=005  20250925143305.0
=008  170120s1978\\\\\\\\\\\\\\\\\\\\\\0\eng
=020  \\$a0671243829
=041  \\$aeng
=100  \\$aCraft, Robert$d1923-2015$1http://www.wikidata.org/entity/Q1380024$920300$4aut
=245  \\$aStravinsky in Pictures and Documents
=260  \\$aNew York$bSimon and Schuster$c1978
=300  \\$a668 pages
=500  \\$aCraft met Stravinsky in 1948, and from then until the composer's death in 1971, Craft worked with Stravinsky in a variety of roles, eventually evolving into a full artistic partnership. Craft compiled the libretti for Stravinsky's The Flood and A Sermon, a Narrative and a Prayer, and lived with Igor and Vera Stravinsky in Hollywood and later in New York City. He remained close to the composer's widow until her death in 1982. 
=600  \0$aStravinsky, Igor$d1882-1971$1http://www.wikidata.org/entity/Q7314$919367
=648  \0$a20th Century (1901-2000)$1http://www.wikidata.org/entity/Q6927$920936
=650  \0$aComposer$1http://www.wikidata.org/entity/Q36834$93625
=650  \0$aBiography$1http://www.wikidata.org/entity/Q36279$91927
=650  \0$aIconography$1http://www.wikidata.org/entity/Q208145$921259
=700  \\$4aut$aStravinsky, Vera$920299
=942  \\$cBOO
=952  \\$00$10$2ddc$40$6BIO_STRA3_B$70$8BIO$919183$aORPH$bORPH$cKTS1_P$d2021-10-19$g30.00$oBIO STRA3 b$p20129928$r2021-01-12 00:00:00$w2021-01-12$yBOO
=999  \\$d19121

