=LDR  01231aam a2200181   4500
=001  19126
=005  20250109133049.0
=008  140509s2005\\\\\\\\\\\\\\\\\\\\\\0\e
=020  \\$a9780415941761
=041  \\$aeng
=100  \\$aParker, Mara$4aut$920303
=245  \\$aString Quartets: A research and information guide
=260  \\$aNew York$bRoutledge music bibliographies$c2005
=300  \\$a370 pages
=520  \\$aThis research guide is an annotated bibliography of sources dealing with the string quartet. This second edition is organized as in the original publication (chapters for general references, histories, individual composers, aspects of performance, facsimiles and critical editions, and miscellaneous topics) and has been updated to cover research since publication of the first edition. Listings in the previous volume have been updated to reflect the burgeoning interest in this genre (social aspects, newly issued critical editions, doctoral dissertations). It also offers commentary on online links, databases, and references.
=942  \\$cBOO$2ddc
=952  \\$00$10$2ddc$40$6GEN_12_000000000000000$70$8GEN$919188$aORPH$bORPH$cKM12_1$d2021-08-17$g117.56$oGEN12$p20135385$r2021-01-12 00:00:00$w2021-01-12$yBOO
=999  \\$c19126$d19126

