=LDR  00551aam a2200157   4500
=001  19127
=005  20230123103529.0
=008  170216s1934\\\\\\\\\\\\\\\\\\\\\\0\n
=041  \\$adut
=100  \\$aVleeschauwer, H.J. De$4aut$918041
=245  \\$aStroomingen in de hedendaagse wijsbegeerte
=260  \\$aAntwerpen-Brussel$bNV. Standaard-Boekhandel$c1934
=300  \\$a210
=942  \\$cBOO
=952  \\$00$10$2ddc$40$6PHI_0_000000000000000_VLEE$70$8PHI$919189$aORPH$bORPH$cKM12_3_2$d2021-08-18$oPHI0 VLEE$p20133981$r2021-01-12 00:00:00$w2021-01-12$yBOO
=999  \\$c19127$d19127

