=LDR  00706aam a2200169   4500
=001  19136
=005  20250109133049.0
=008  170216s1957\\\\\\\\\\\\\\\\\\\\\\0\d
=041  \\$ager
=100  \\$4aut$aAsemissen, Hermann Ulrich$920307
=245  \\$aStrukturanalytische Probleme der Wahrnehmung in der Phänomenologie Husserls
=260  \\$aKöln$bKölner universitäts verlag$c1957
=300  \\$a100
=490  \\$aKantstudien$pErgängzungshefte herausgegeven im Auftrag der Kantgesellschaft Landesgruppe Rheinland-Westfalen$v73
=942  \\$cBOO
=952  \\$00$10$2ddc$40$6PHI_HUSS_B_ASEM$70$8PHI$919198$aORPH$bORPH$cKM12_3_2$d2021-08-11$oPHI HUSS b ASEM$p20133741$r2021-01-12 00:00:00$w2021-01-12$yBOO
=999  \\$c19136$d19136

