=LDR  00553aam a2200169   4500
=001  19141
=005  20230123111127.0
=008  120820s2005\\\\\\\\\\\\\\\\\\\\\\0\eng
=020  \\$a9781403948977
=041  \\$aeng
=100  \\$aFanthome, Christine$4aut$920310
=245  \\$aThe Student Life Handbook
=260  \\$aNew York$bPalgrave Macmillan$c2005
=300  \\$a196 pages
=942  \\$cBOO
=952  \\$00$10$2ddc$40$6REF_2_000000000000000_FANT$70$8REF$919203$aORPH$bORPH$cKM12_1$d2021-08-23$g13.00$oREF2 FANT$p20131150$r2021-01-12 00:00:00$w2021-01-12$yBOO
=999  \\$d19141

