=LDR  00626aam a2200181   4500
=001  19142
=005  20250109133050.0
=008  120820s2005\\\\\\\\\\\\\\\\\\\\\\0\eng
=020  \\$a9781403997388
=041  \\$aeng
=245  \\$aThe student's guide to writing: Grammar, punctuation and spelling
=260  \\$aNew York$bPalgrave Macmillan$c2005
=300  \\$a157 pages
=700  \\$4aut$aCoyle, Martin$920311
=700  \\$4aut$aPeck, John$920312
=942  \\$cBOO
=952  \\$00$10$2ddc$40$6REF_2_000000000000000_COYL$70$8REF$919204$aORPH$bORPH$cKM12_1$d2021-08-23$g10.99$oREF2 COYL$p20131228$r2021-01-12 00:00:00$w2021-01-12$yBOO
=999  \\$d19142

