=LDR  00810aam a2200205   4500
=001  19143
=005  20230123111128.0
=008  110830s2001\\\\\\\\\\\\\\\\\\\\\\0\eng
=020  \\$a9780566084300
=041  \\$aeng
=245  \\$aThe student skills guide
=250  \\$a2
=260  \\$aHampshire$bGower$c2001
=300  \\$a439 pages
=520  \\$aThis guide, in its second edition, outlines key skills for students with new sections on reflecting on your experience, critical analysis, learning styles and successful participation in seminars and meetings.
=700  \\$4aut$aDrew, Sue$920313
=700  \\$4aut$aBingham, Rosie$920314
=942  \\$cBOO
=952  \\$00$10$2ddc$40$6REF_2_000000000000000_DREW$70$8REF$919205$aORPH$bORPH$cKM12_1$d2021-08-23$oREF2 DREW$p20131197$r2021-01-12 00:00:00$w2021-01-12$yBOO
=999  \\$d19143

