=LDR  01572aam a2200205   4500
=001  19144
=005  20250109133050.0
=008  110829s2002\\\\\\\\\\\\\\\\\\\\\\0\dut
=020  \\$a9789050185738
=245  \\$aStuderen : Van het ordenen van informatie tot het schrijven van een leesbare scriptie
=250  \\$a3
=260  \\$aAmsterdam$bUitgeverij Balans$c2002
=300  \\$a335 pages
=520  \\$aStuderen is een vak. Een vak dat je moet leren en dat niet iedereen komt aanvliegen. Studenten stranden vaak in hun studie omdat ze een aantal elementaire regels niet toepassen. In het hoger onderwijs wordt als vanzelfsprekend aangenomen dat de student de vaardigheden heeft om zijn studie naar behoren in te richten. Een misverstand. Daarom heeft de redactie van NRC Handelsblad een reeks handleidingen voor een succesvolle afronding van de studie samengesteld:

Studiemethoden
Het ordenen van informatie
Het maken van een multiple choice-tentamen
Time management
Het schrijven van een leesbare scriptie
Succesvol studeren in het buitenland
Doorgaan in wetenschap
Het houden van een presentatie
Oriëntatie op de arbeidsmarkt

Negen zeer deskundige schrijvers geven praktische aanwijzingen en slimme adviezen over onderwerpen waar elke student mee te maken krijgt.
=700  \\$4edt$aDelft, Dirk van$920315
=700  \\$4edt$ade Jong, Sjoerd$920316
=700  \\$4edt$aOosterbaan, Warna$920317
=942  \\$cBOO
=952  \\$00$10$2ddc$40$6REF_2_000000000000000_DELF$70$8REF$919206$aORPH$bORPH$cKM12_1$d2021-08-23$oREF2 DELF$p20131201$r2021-01-12 00:00:00$w2021-01-12$yBOO
=999  \\$d19144

