=LDR  01386aam a2200193   4500
=001  19145
=005  20250109133050.0
=008  130430s1982\\\\\\\\\\\\\\\\\\\\\\0\d
=020  \\$a9783881880923
=041  \\$ager
=100  \\$aMünster, Arnold$4aut$920318
=245  \\$aStudien zu Beethovens Diabelli-Variationen
=260  \\$aMünchen$bHenle Verlag$c1982
=300  \\$a230
=520  \\$aThe Diabelli Variations op. 120 are amongst Beethoven's most important piano works. They are the last major composition he wrote for the pianoforte. In this monograph, Arnold Münster writes about the genesis of the work and its lgendary name "Variationen über einen Schusterfleck" (Variations on a cobbler's patch). According to his contemporaries Beethoven is said to have written this above the work himself. Its special place amongst Beethoven's works becomes apparent on establishing the structure of the composition, the connections and similarities with others of his works, on evaluating the compositional technique and on a thorough analysis of the individual variations, based on the available sketches.
=490  \\$aReihe IV: Schriften zur Beethoven-Forschung$pherausgegeben von Martin Staehelin$v8
=942  \\$cBOO
=952  \\$00$10$2ddc$3Varia : 1$40$6BIO_BEET_E$70$8BIO$919207$aORPH$bORPH$cKTS1_P$d2022-06-24$g20.00$oBIO BEET e$p20129727$r2021-01-12 00:00:00$w2021-01-12$yBOO
=999  \\$c19145$d19145

