=LDR  00525aam a2200157   4500
=001  19146
=005  20250109133050.0
=008  130122s1969\\\\\\\\\\\\\\\\\\\\\\0\d
=041  \\$ager
=100  \\$aRiedel, Manfred$4aut$920319
=245  \\$aStudien zu Hegels rechtsphilosophie
=260  \\$aFrankfurt$bEdition suhrkamp$c1969
=300  \\$a167
=942  \\$cBOO
=952  \\$00$10$2ddc$40$6PHI_HEGE_B_RIED$70$8PHI$919208$aORPH$bORPH$cKM12_3_2$d2021-08-06$fCorver$oPHI HEGE b RIED$p20133183$r2021-01-12 00:00:00$w2021-01-12$yBOO
=999  \\$c19146$d19146

