=LDR  01153aam a2200193   4500
=001  19149
=005  20230123103653.0
=008  120717s1997\\\\\\\\\\\\\\\\\\\\\\0\d
=020  \\$a9783770140121
=041  \\$ager
=100  \\$aPanofsky, Erwin$d1892-1968$4aut$918603
=245  \\$aStudien zur Ikonologie der Renaissance
=260  \\$bDuMont$c1997
=300  \\$a362
=500  \\$aMit einem Vorwort von Jan Bialostocki und einem Nachwort von Andreas Beyer
=520  \\$aIn diesem wegweisenden Werk zur Ikonologie hat Panofsky erstmals seine berühmt gewordene ikonographische Methode in drei Stufen entwickelt. In Untersuchungen zu Piero di Cosimo, zum Bedeutungswandel der Gestalten Chronos und Amor, zu Bandinelli und Tizian sowie zu Michelangelo zeigt er anschaulich und leicht verständlich wie seine Interpretationsmethode praktisch anzuwenden ist. Die "Studien" bilden eine theoretische Grundlage der "ikonologischen" Schule und machen Panofsky zu deren bekanntesten Vertreter.
=942  \\$cBOO$2ddc
=952  \\$00$10$2ddc$40$6VIS_PANO$70$8VIS$919211$aORPH$bORPH$cKTS1_H$d2022-09-20$l0$oVIS PANO$p20126037$r2021-01-12 00:00:00$w2021-01-12$yBOO
=999  \\$c19149$d19149

