=LDR  00729aam a2200169   4500
=001  19152
=005  20230123111129.0
=008  190429s1966\\\\\\\\\\\\\\\\\\\\\\0\ger
=041  \\$ager
=100  \\$aOh, Han Sin$4aut$920323
=245  \\$aStudien zu Schillers ästhetischen Schriften und ihrer verwandtschaftlichen Beziehung zu ostasiatischem Gedankengut
=260  \\$aBonn$c1966
=300  \\$a201 pages
=520  \\$aInaugurak- Dissertation Erlangung der Doktorwürde der Philosophischen Fakultät der Rheinischen Friedrich-Wilhelms-Universität zu Bonn, 1966
=942  \\$cDIS
=952  \\$00$10$2ddc$40$6MTP_5_000000000000000_OH$70$8MTP$919214$aORPH$bORPH$cKM12_1$d2021-08-31$oMTP5 OH$p20131380$r2021-01-12 00:00:00$w2021-01-12$yDIS
=999  \\$d19152

