=LDR  01978aam a2200265   4500
=001  19155
=005  20250624180209.0
=008  200928s2014\\\\\\\\\\\\\\\\\\\\\\0\mul
=020  \\$a9783928412162
=041  \\$aeng$ager
=100  \\$4edt$aClement, Albert$d1962-$1http://www.wikidata.org/entity/Q4709936$910237
=245  \\$aStudies in Baroque:$bFestschrift Ton Koopman
=260  \\$aBonn$bButz$c2014
=300  \\$a391 pages
=520  \\$aTon Koopman is one of the world's best known and most recognised experts, particularly in baroque and classical music. The friendly conductor, organist and harpsichord player is celebrating his 70th birthday on 2nd October, and his colleagues and friends decided to mark this by publishing a veritable and compendious Festschrift.

Inevitably, the focus of the total of 19 essays (including a discography and bibliography), which have been written by leading international academics and practitioners, is on Bach and the organ/organ music, but they also touch on the fine arts and theology.
=648  \0$a17th Century (1601-1700)$1http://www.wikidata.org/entity/Q7016$920923
=648  \0$a18th Century (1701-1800)$1http://www.wikidata.org/entity/Q7015$920899
=650  \0$aMusic history$1http://www.wikidata.org/entity/Q846047$921373
=650  \0$aBaroque$1http://www.wikidata.org/entity/Q37853$921255
=700  \\$4dte$aKoopman, Ton$d1944-$1http://www.wikidata.org/entity/Q445121$910491
=942  \\$cBOO
=952  \\$00$10$2ddc$40$6REF_4_000000000000000_KOOP$70$8REF$912754$aORPH$bORPH$cKM12_1$d2021-01-12$eKoopman$i45E23$oREF4 KOOP$p20127468$r2021-01-12 00:00:00$w2021-01-12$yBOO
=952  \\$00$10$2ddc$40$6GHM_5_000000000000000$70$8GHM$919217$aORPH$bORPH$cKM12_1$d2022-09-02$l3$m1$oGHM5$p20129548$r2021-03-10 00:00:00$s2021-03-10$w2021-01-12$yBOO
=952  \\$00$10$2ddc$40$6REF_4_000000000000000_KOOP$70$8REF$922201$aORPH$bORPH$cKM12_1$d2022-10-26$l3$m1$oREF4 KOOP$p20132044$r2022-10-26 00:00:00$s2021-03-10$w2021-01-12$yBOO
=999  \\$d19155

