=LDR  01526aam a2200253   4500
=001  19158
=005  20250120120007.0
=008  120203s2003\\\\\\\\\\\\\\\\\\\\\\0\eng
=020  \\$a0860788784
=041  \\$aeng
=100  \\$aBonta, Stephen$4aut$920328
=245  \\$aStudies in Italian Sacred and Instrumental Music in the 17th Century
=260  \\$aAldershot$bAshgate$c2003
=300  \\$a333 pages
=490  \\$aVariorum Collected Studies Series
=520  \\$aStephen Bonta's research on seventeenth-century Italian music, particularly for strings, spans more than 30 years. Included in this selection of his published articles is his seminal study of the early history of the bass violin which proved to be the foundation for his subsequent articles on the early history of the violoncello. In addition to the discussions of secular instrumental music, the volume features essays that explore Italian sacred music of the period, including Monteverdi's Marian Vespers.
=648  \0$a17th Century (1601-1700)$1http://www.wikidata.org/entity/Q7016$920923
=650  \0$aMusic history$1http://www.wikidata.org/entity/Q846047$921373
=650  \0$aChurch music$1http://www.wikidata.org/entity/Q8812109$92283
=650  \0$aInstrumental music$1http://www.wikidata.org/entity/Q639197$92106
=651  \0$aItaly$1http://www.wikidata.org/entity/Q38$922
=942  \\$cBOO
=952  \\$00$10$2ddc$40$6TOP_IT_5_000000000000000$70$8TOP$919220$aORPH$bORPH$cKTS0$d2022-10-26$l0$oTOP IT 5$p20134951$r2021-01-12 00:00:00$w2021-01-12$yBOO
=999  \\$d19158

