=LDR  01217aam a2200193   4500
=001  19167
=005  20250120120036.0
=008  120314s1998\\\\\\\\\\\\\\\\\\\\\\0\n
=020  \\$a9065696822
=041  \\$adut
=100  \\$aVerspeurt, Veronique$4aut$916653
=245  \\$aEen studie van het muziekanalytisch denken over Béla Bartóks werk
=260  \\$aWetteren$bUniversa$c1998
=300  \\$a223 p.
=520  \\$aVerhandelingen van de Koninklijke Vlaamse Academie voor Wetenschappen, Letteren en Schone Kunsten van België. Klasse der Schone kunsten, n° 66.
Schlagworte: art kunst arts appliqueés applied art toegepaste kunsten Kunstnijverheid Kunstambachten architecture architectuur peinture painting schilderkunst sculpture beeldhouwkunst musique music muziek Brussel Paleis Academiën academien Verhandelingen Koninklijke Vlaamse Academie Wetenschappen Letteren schone kunsten verspeurt studie muziekanalytisch denken bela bartoks Béla Bartóks werk

=600  \0$aBartók, Béla$d1881-1945$1http://www.wikidata.org/entity/Q83326$916182
=942  \\$cBOO$2ddc
=952  \\$00$10$2ddc$40$6BIO_BART_E$70$8BIO$919229$aORPH$bORPH$cKTS1_P$d2021-10-19$oBIO BART e$p20129702$r2021-01-12 00:00:00$w2021-01-12$yBOO
=999  \\$c19167$d19167

