=LDR  02535aam a2200229   4500
=001  19168
=003  OSt
=005  20250109133325.0
=008  140116s2001\\\\\\\\\\\\\\\\\\\\\\0\eng
=020  \\$a9780851158006
=040  \\$cOI
=041  \\$aeng
=100  \\$4aut$aJeffery, Peter$919899
=245  \\$aThe Study of Medieval Chant:$bPaths and bridges, East and West
=260  \\$aCambridge$bBoydell & Brewer$c2001
=300  \\$a369 pages
=520  \\$aGregorian chant was the dominant liturgical music of the medieval period, from the time it was adopted by Charlemagne's court in the eighth century; but for centuries afterwards it competed with other musical traditions, local repertories from the great centres of Rome, Milan, Ravenna, Benevento, Toledo, Constantinople, Jerusalem, and Kievan Rus, and comparative study of these chant traditions can tell us much about music, liturgy, literacy and culture a thousand years ago. This is the first book-length work to look at the issues in a global, comprehensive way, in the manner of the work of Kenneth Levy, the leading exponent of comparative chant studies. It covers the four most fruitful approaches for investigators: the creation and transmission of chant texts, based on the psalms and other sources, and their assemblage into liturgical books; the analysis and comparison of musical modes and scales; the uses of neumatic notation for writing down melodies, and the differences wrought by developmental changes and notational reforms over the centuries; and the use of case studies, in which the many variations in a specific text or melody are traced over time and geographical distance. The book is therefore of profound importance for historians of medieval music or religion - Western, Byzantine, or Slavonic - and for anyone interested in issues of orality and writing in the transmission of culture.PETER JEFFERY is Professor of Music History, Princeton University. Contributors: JAMES W. McKINNON, MARGOT FASSLER, MICHEL HUGLO, NICOLAS SCHIDLOVSKY, KEITH FALCONER, PETER JEFFERY, DAVID G. HUGHES, SYSSE GUDRUN ENGBERG, CHARLES M. ATKINSON, MILOS VELIMIROVIC, JORGEN RAASTED+, RUTH STEINER, DIMITRIJE STEFANOVIC, ALEJANDRO PLANCHART.
=648  \0$aMiddle Ages (500-1400)$1http://www.wikidata.org/entity/Q12554$920964
=650  \0$aPlainchant$1http://www.wikidata.org/entity/Q2707688$921363
=942  \\$cBOO
=952  \\$00$10$2ddc$40$6GEN_2_000000000000000$70$8GEN$919230$aORPH$bORPH$cKM12_1$d2022-01-05$g75.00$oGEN2$p20126000$r2021-01-12 00:00:00$w2021-01-12$yBOO
=999  \\$d19168

