=LDR  02529aam a2200217   4500
=001  19169
=005  20250120120511.0
=008  140214s1974\\\\\\\\\\\\\\\\\\\\\\0\eng\d
=020  \\$a0226286061
=041  \\$aeng
=100  \\$aGelb, Ignace J.$d1907-1985$4aut$1http://www.wikidata.org/entity/Q76890$920335
=245  \\$aA Study of Writing:$bA Discussion of the General Principles Governing the Use and Evolution of Writing
=250  \\$a4th ed.
=260  \\$aChicago$bUniversity of Chicago$c1974
=300  \\$a319 pages
=520  \\$aThis book contains twelve chapters, but it can be broken up structurally into five parts. First, the place of writing among the various systems of human intercommunication is discussed. This is followed by four chapters devoted to the descriptive and comparative treatment of the various types of writing in the world. The sixth chapter deals with the evolution of writing from the earliest stages of picture writing to a full alphabet. The next four chapters deal with general problems, such as the future of writing and the relationship of writing to speech, art, and religion. Of the two final chapters, one contains the first attempt to establish a full terminology of writing, the other an extensive bibliography.

The aim of this study was to lay a foundation for a new science of writing which might be called grammatology. While the general histories of writing treat individual writings mainly from a descriptive-historical point of view, the new science attempts to establish general principles governing the use and evolution of writing on a comparative-typological basis. The importance of this study lies in its being the first systematic presentation of the history and evolution of writing as based on these principles. Some specific results of the new reconstruction are: Elimination of the so-called word writings and their replacement by the word-syllabic type; assignment of the socalled Semitic alphabet to the syllabic type; placing the socalled Maya and Aztec writings not under writings proper but under forerunners of writing; conclusion that the mysterious Easter Island inscriptions do not represent writing but formal designs for magical purposes.
=650  \0$aLinguistics$1http://www.wikidata.org/entity/Q8162$93902
=650  \0$aCuckoo$1http://www.wikidata.org/entity/Q18845$922474
=942  \\$cBOO
=952  \\$00$10$2ddc$40$6HUM_GELB$70$8HUM$919231$aORPH$bORPH$cKM12_1$d2022-06-08$l1$oHUM GELB$p20139107$r2022-06-08 00:00:00$s2021-03-12$v23.00$w2021-01-12$yBOO
=999  \\$d19169

