=LDR  01598aam a2200205   4500
=001  19170
=005  20250120120050.0
=008  120904s2008\\\\\\\\\\\\\\\\\\\\\\0\eng
=020  \\$a9780230573055
=041  \\$aeng
=100  \\$aCottrell, Stella$4aut$916698
=245  \\$aThe Study Skills Handbook
=250  \\$a3
=260  \\$aNew York$bPalgrave Macmillan$c2008
=300  \\$a351 pages
=490  \\$aPalgrave study guides
=520  \\$aIf you are serious about succeeding on your course, The Study Skills Handbook is your essential companion. Based on over 20 years' experience of working with students, 1/2 million copy bestselling author Stella Cottrell helps you develop the skills you need to improve your grades, build your confidence and plan for the future you want. Her tried and trusted approach recognises that we each have a unique formula for success and that finding it is the key to reaching our potential. This book will help you to:

- use your learning style and existing skills effectively 
- develop core study skills in time management, academic writing, critical thinking and more 
- discover how to make learning easier and faster 
- improve your grades and make study more enjoyable. 

Whether you are a school or college leaver, a mature student, or an international student embarking on university-level study in English for the first time, this handbook is your passport to success.



=942  \\$cBOO
=952  \\$00$10$2ddc$40$6REF_2_000000000000000_COTT$70$8REF$919232$aORPH$bORPH$cKM12_1$d2021-08-23$g12.00$oREF2 COTT$p20131226$r2021-01-12 00:00:00$w2021-01-12$yBOO
=999  \\$d19170

