=LDR  02573aam a2200241   4500
=001  19171
=005  20250625152928.0
=008  170213s2015\\\\\\\a\\\\\\\\\\\\\\0\eng\d
=020  \\$a9780674047037
=041  \\$aeng
=100  \\$aSpang, Rebecca L.$4aut$920336
=245  \\$aStuff and Money in the Time of the French Revolution
=260  \\$aCambridge, MA$bHarvard University Press$c2015
=300  \\$a350 pages
=520  \\$aRebecca L. Spang, who revolutionized our understanding of the restaurant, has written a new history of money. It uses one of the most infamous examples of monetary innovation, the assignatsa currency initially defined by French revolutionaries as circulating landto demonstrate that money is as much a social and political mediator as it is an economic instrument. Following the assignats from creation to abandonment, Spang shows them to be subject to the same slippages between policies and practice, intentions and outcomes, as other human inventions.

But Spangs book is also a new history of the French Revolution, one in which radicalization was driven by an ever-widening gap between political ideals and the realities of daily life. Money played a critical role in creating this gulf. Wed to the idea that liberty required economic deregulation as well as political freedom, revolutionary legislators extended the notion of free trade to include freedom of money. The consequences were disastrous. Backed neither by the weight of tradition nor by the state that issued them, the assignats could not be a functioning currency. Ever reluctant to interfere in the workings of the market, lawmakers thought changes to the material form of the assignats should suffice to enhance their credibility. Their hopes were disappointed, and the Revolution spiraled out of control.

Stuff and Money in the Time of the French Revolution restores economics, in the broadest sense, to its rightful place at the heart of the Revolution and hence to that of modern politics.
=648  \0$a18th Century (1701-1800)$1http://www.wikidata.org/entity/Q7015$920899
=648  \0$a19th Century (1801-1900)$1http://www.wikidata.org/entity/Q6955$920935
=650  \0$aCultural history$1http://www.wikidata.org/entity/Q858517$922395
=650  \0$aEconomy$1http://www.wikidata.org/entity/Q159810$921625
=651  \0$aFrance$1http://www.wikidata.org/entity/Q142$9131
=942  \\$cBOO
=952  \\$00$10$2ddc$40$6TOP_FR_5_000000000000000$70$8TOP$919233$aORPH$bORPH$cKTS0$d2017-02-10$g30.00$l1$m4$oTOP FR 5$p20132452$r2025-06-25 15:29:43$s2021-03-10$w2021-01-12$yBOO
=999  \\$d19171

