=LDR  01767aam a2200229   4500
=001  19176
=005  20250925143305.0
=008  150317s1997\\\\\\\\\\\\\\\\\\\\\\0\dut\d
=020  \\$a9053523456
=041  \\$adut
=100  \\$aŽižek, Slavoj$d1949-$4aut$919426
=245  \\$aHet subject en zijn onbehagen
=260  \\$aAmsterdam$bBoom$c1997
=300  \\$a223 pages
=520  \\$aWatbetekentdelacaniaansepsychoanalyse voor de filosofie? Zoals we van deze buitengewoon veelzijdige denker gewend zijn, komt een reeks van actuele en omstreden onderwerpen aan bod. Zo gaat hij een dialoog aan met een van de bekendste vertegenwoordigers van de hedendaagse cognitieve psychologie, Daniel Dennett. Op overtuigende wijze laat Ziiek zien dat het gedeconstructueerde subject van Dennett een grondslag behoeft:
het subject van het onbewuste. De film'Wild at heart' van David Lynch komt uitgebreid ter sprake en de auteur neemt, Weliswaar met enige reserve, het op voor het omstreden boek'Hitlers gewillige beulen'van de Amerikaanse historicus Daniel Goldhagen. Ook analyseert Zdek het fenomeen van de cyberspace. Hij maakt een fascinerende vergelijking tussen de virtuele werkelijkheid en de multipele persoonlijkheidsstoornis en verkent de gevolgen van de virtuele werkelijkheid voor de moderne subjectiviteit.
=648  \0$a20th Century (1901-2000)$1http://www.wikidata.org/entity/Q6927$920936
=650  \0$aPhilosophy$1http://www.wikidata.org/entity/Q5891$92357
=650  \0$aSubjectivity$1http://www.wikidata.org/entity/Q1139554$926987
=651  \0$aSlovenia$1http://www.wikidata.org/entity/Q215$925762
=942  \\$cBOO
=952  \\$00$10$2ddc$40$6PHI_ZIZE_A$70$8PHI$919238$aORPH$bORPH$cKM12_3_2$d2021-08-10$oPHI ZIZE a$p20133557$r2021-01-12 00:00:00$w2021-01-12$yBOO
=999  \\$d19176

