=LDR  02285aam a2200205   4500
=001  19177
=005  20250120120122.0
=008  120222s2007\\\\\\\\\\\\\\\\\\\\\\0\dut
=020  \\$a9789065541134
=041  \\$adut
=100  \\$aAnkersmit, Frank$4aut$917804
=245  \\$aDe sublieme historische ervaring
=260  \\$aGroningen$bHistorische Uitgeverij$c2007
=300  \\$a432 pages
=520  \\$a'De sublieme historische ervaring' is de rijpe vrucht van een oorspronkelijk en revolutionair denker. Frank Ankersmit roept met dit boek het einde af over een tijdperk van theoretische wildgroei, en kondigt een nieuw begin aan door in de beoefening van de geschiedenis de historische ervaring centraal te stellen. In 'De sublieme historische ervaring' bekritiseert Ankersmit de theoretische benaderingen in de filosofie en de geschiedschrijving van de afgelopen eeuw, die geen ruimte hebben gelaten voor de ervaring. Hij koppelt vervolgens Huizinga's idee van de historische sensatie aan het besef van de verloren tijd, en tilt beide op naar de sublieme historische ervaring.

Ankersmit vervlecht zijn persoonlijke geschiedenis met zijn pleidooi voor de erkenning van het primaat van de ervaring in de geschiedbeoefening. De beschrijving van zijn fascinatie voor het schilderij van Guardi en voor de rococo zijn prachtige voorbeelden van wat Ankersmit in 'De sublieme historische ervaring' voor ogen staat. Ankersmits eerherstel van de ervaring is een oproep tot een nieuwe romantische wending in de geschiedschrijving.

In 2008 verkozen de verzamelde Nederlandse filosofen 'De sublieme historische ervaring' tot het meest originele filosofische boek van het jaar, en verleenden de auteur hiervoor de prestigieuze Socrates Wisselbeker; 'Heel spannende en stoutmoedige poging om een ijzereren filosofisch taboe te doorbreken. (..) De lezer treft er op bijna iedere bladzijde een onverwachte of tegendraadse gedachte aan die hem aan het denken zet', uit het juryrapport.

=650  \0$aPhilosophy$1http://www.wikidata.org/entity/Q5891$92357
=650  \0$aHistory$1http://www.wikidata.org/entity/Q309$921403
=942  \\$cBOO
=952  \\$00$10$2ddc$40$6PHI_ANKE_A$70$8PHI$919239$aORPH$bORPH$cKM12_3_2$d2021-08-12$l3$m1$oPHI ANKE a$p20133833$r2025-01-06 16:32:58$s2024-12-18$w2021-01-12$yBOO
=999  \\$d19177

