=LDR  00633aam a2200193   4500
=001  19179
=005  20250120120024.0
=008  120419s1993\\\\\\\\\\\\\\\\\\\\\\0\e
=020  \\$a9055440566
=041  \\$aeng
=100  \\$4Editor$aCassiman, Bart$920338
=100  \\$4Editor$aRamael, Greet$920339
=100  \\$4Editor$aVande Veire, Frank$915867
=245  \\$aThe Sublime Void: On the Memory of the Imagination
=260  \\$aAntwerpen$bLudion$c1993
=300  \\$a278
=942  \\$cBOO
=952  \\$00$10$2ddc$40$6VIS_CASS$70$8VIS$919241$aORPH$bORPH$cKTS1_H$d2022-09-20$l0$oVIS CASS$p20126040$r2021-01-12 00:00:00$w2021-01-12$yBOO
=999  \\$c19179$d19179

