=LDR  00547aam a2200157   4500
=001  19180
=005  20230123111132.0
=008  130513s2001\\\\\\\\\\\\\\\\\\\\\\0\dut
=041  \\$adut
=100  \\$4aut$aBouckaert, Geert$920340
=245  \\$aSubsidiëren van Nederlands-Vlaamse samenwerking: Hindernissen en oplossingen
=260  \\$aLeuven$bKUL$c2001
=300  \\$a84 pages
=942  \\$cBOO
=952  \\$00$10$2ddc$40$6REF_2_000000000000000_BOUC$70$8REF$919242$aORPH$bORPH$cKM12_1$d2021-08-23$oREF2 BOUC$p20131217$r2021-01-12 00:00:00$w2021-01-12$yBOO
=999  \\$d19180

