=LDR  02542aam a2200241   4500
=001  19182
=005  20250906121749.0
=008  190520s2016\\\\\\\\\\\\\\\\\\\\\\0\eng
=020  \\$a9780674971585
=041  \\$aeng
=100  \\$aHasse, Dag Nikolaus$4aut$920341
=245  \\$aSucces and Suppression:$bArabic Sciences and Philosophy in the Renaissance
=260  \\$aCambridge, MA$bHarvard University Press$c2016
=300  \\$a660
=490  \\$aI Tatti Studies in Italian Renaissance History
=520  \\$aThe Renaissance marked a turning point in Europes relationship to Arabic thought. On the one hand, Dag Nikolaus Hasse argues, it was the period in which important Arabic traditions reached the peak of their influence in Europe. On the other hand, it is the time when the West began to forget, and even actively suppress, its debt to Arabic culture. Success and Suppression traces the complex story of Arabic influence on Renaissance thought.

It is often assumed that the Renaissance had little interest in Arabic sciences and philosophy, because humanist polemics from the period attacked Arabic learning and championed Greek civilization. Yet Hasse shows that Renaissance denials of Arabic influence emerged not because scholars of the time rejected that intellectual tradition altogether but because a small group of anti-Arab hard-liners strove to suppress its powerful and persuasive influence. The period witnessed a boom in new translations and multivolume editions of Arabic authors, and European philosophers and scientists incorporatedand often celebratedArabic thought in their work, especially in medicine, philosophy, and astrology. But the famous Arabic authorities were a prominent obstacle to the Renaissance project of renewing European academic culture through Greece and Rome, and radical reformers accused Arabic science of linguistic corruption, plagiarism, or irreligion. Hasse shows how a mixture of ideological and scientific motives led to the decline of some Arabic traditions in important areas of European culture, while others continued to flourish.
=648  \0$1http://www.wikidata.org/entity/Q4692$aRenaissance (1400-1600)$920965
=650  \0$1http://www.wikidata.org/entity/Q5891$aPhilosophy$92357
=650  \0$1http://www.wikidata.org/entity/Q7991$aScience$921650
=651  \0$1http://www.wikidata.org/entity/Q57751375$aArabia$925750
=942  \\$cBOO
=952  \\$00$10$2ddc$40$6PHI_HASS_A$70$8PHI$919244$aORPH$bORPH$cKM12_3_2$d2021-07-30$oPHI HASS a$p20132799$r2021-01-12 00:00:00$w2021-01-12$yBOO
=999  \\$d19182

