=LDR  02569aam a2200217   4500
=001  19186
=005  20250120120546.0
=008  140509s2007\\\\\\\\\\\\\\\\\\\\\\0\eng\d
=020  \\$a9780801444913
=041  \\$aeng
=100  \\$aLeach, Elizabeth Eva$4aut$1http://www.wikidata.org/entity/Q30042531$918508
=245  \\$aSung Birds:$bMusic, Nature, and Poetry in the Later Middle Ages
=260  \\$aLondon$bCornell University$c2007
=300  \\$a345 pages
=520  \\$aIs birdsong music? The most frequent answer to this question in the Middle Ages was resoundingly "no." In Sung Birds, Elizabeth Eva Leach traces postmedieval uses of birdsong within Western musical culture. She first explains why such melodious sound was not music for medieval thinkers and then goes on to consider the ontology of music, the significance of comparisons between singers and birds, and the relationship between art and nature as enacted by the musical performance of late-medieval poetry. If birdsong was not music, how should we interpret the musical depiction of birdsong in human music-making? What does it tell us about the singers, their listeners, and the moral status of secular polyphony? Why was it the fourteenth century that saw the beginnings of this practice, continued to this day in the music of Messiaen and others?

Leach explores medieval arguments about song, language, and rationality whose basic terms survive undiminished into the present. She considers not only lyrics that have their singers voice the songs or speech of birds but also those that represent other natural, nonmusical, sounds such as human cries or the barks of dogs. The dangerous sweetness of birdsong was invoked in discussions of musical ethics, which, because of the potential slippage between irrational beast and less rational woman in comparisons with rational human masculinity, depict women's singing as less than fully human. Leach's argument comes full circle with the advent of sound recording. This technological revolution-like its medieval equivalent, the invention of the music book-once again made the relationship between music and nature an acute preoccupation of Western culture.
=650  \0$aBird$1http://www.wikidata.org/entity/Q5113$923626
=650  \0$aSong$1http://www.wikidata.org/entity/Q7366$94164
=650  \0$aMusic history$1http://www.wikidata.org/entity/Q846047$921373
=942  \\$cBOO
=952  \\$00$10$2ddc$40$6GHM_3_000000000000000$70$8GHM$919248$aORPH$bORPH$cKM12_1$d2014-05-05$l1$oGHM3$p20139115$r2022-06-08 00:00:00$s2021-03-12$v50.02$w2014-05-05$yBOO
=999  \\$d19186

