=LDR  00521aam a2200157   4500
=001  19189
=005  20230123111132.0
=008  170213s1955\\\\\\\\\\\\\\\\\\\\\\0\f/n
=041  \\$af/n
=100  \\$aDibon, Dr. P.$4aut$920343
=245  \\$aSur l'histoire de la philosophie Cartesienne
=260  \\$aGroningen, Djakarta$bJ.B. Wolters$c1955
=300  \\$a20
=942  \\$cBOO
=952  \\$00$10$2ddc$40$6PHI_DIBO_A$70$8PHI$919251$aORPH$bORPH$cKM12_3_2$d2021-08-03$oPHI DIBO a$p20132945$r2021-01-12 00:00:00$w2021-01-12$yBOO
=999  \\$c19189$d19189

