=LDR  00671aam a2200181   4500
=001  19190
=005  20230123111132.0
=008  120222s1967\\\\\\\\\\\\\\\\\\\\\\0\dut
=041  \\$adut
=100  \\$aAlbinski, Marian$d1923-2004$4aut$920344
=245  \\$aSurvey research: Een methode van sociaal-wetenschappelijk onderzoek
=250  \\$a4
=260  \\$aAntwerpen$bHet Spectrum$c1967
=300  \\$a205 pages
=500  \\$aProf. Dr. Albinski, M. (Marian) Prof. Empirische sociologie, K.U. Nijmegen 
=942  \\$cBOO
=952  \\$00$10$2ddc$40$6REF_2_000000000000000_ALBI$70$8REF$919252$aORPH$bORPH$cKM12_1$d2021-08-23$oREF2 ALBI$p20131206$r2021-01-12 00:00:00$w2021-01-12$yBOO
=999  \\$d19190

