=LDR  02982aam a2200265   4500
=001  19191
=005  20251001162234.0
=008  131204s2001\\\\\\\a\\\\\\\\\\\\\\0\eng
=020  \\$a9780262531993
=041  \\$aeng
=100  \\$aCrary, Jonathan$4aut$1http://www.wikidata.org/entity/Q6272840$920345
=245  \\$aSuspensions of Perception:$bAttention, Spectacle, and Modern Culture
=260  \\$aCambridge, MA$bMIT Press$c2001
=300  \\$a397 pages
=520  \\$aSuspensions of Perception is a major historical study of human attention and its volatile role in modern Western culture. It argues that the ways in which we intently look at or listen to anything result from crucial changes in the nature of perception that can be traced back to the second half of the nineteenth century.

Focusing on the period from about 1880 to 1905, Jonathan Crary examines the connections between the modernization of subjectivity and the dramatic expansion and industrialization of visual/auditory culture. At the core of his project is the paradoxical nature of modern attention, which was both a fundamental condition of individual freedom, creativity, and experience and a central element in the efficient functioning of economic and disciplinary institutions as well as the emerging spaces of mass consumption and spectacle.

Crary approaches these issues through multiple analyses of single works by three key modernist painters -- Manet, Seurat, and Cezanne -- who each engaged in a singular confrontation with the disruptions, vacancies, and rifts within a perceptual field. Each in his own way discovered that sustained attentiveness, rather than fixing or securing the world, led to perceptual disintegration and loss of presence, and each used this discovery as the basis for a reinvention of representational practices.

Suspensions of Perception decisively relocates the problem of aesthetic contemplation within a broader collective encounter with the unstable nature of perception — in psychology, philosophy, neurology, early cinema, and photography. In doing so, it provides a historical framework for understanding the current social crisis of attention amid the accelerating metamorphoses of our contemporary technological culture.
=600  \0$aManet, Édouard$d1832-1883$1http://www.wikidata.org/entity/Q40599$923274
=600  \0$aSeurat, Georges$d1859-1891$1http://www.wikidata.org/entity/Q34013$923275
=600  \0$aCézanne, Paul$d1839-1906$1http://www.wikidata.org/entity/Q35548$922872
=648  \0$a19th Century (1801-1900)$1http://www.wikidata.org/entity/Q6955$920935
=650  \0$aAesthetics$1http://www.wikidata.org/entity/Q35986$921494
=650  \0$aFine art$1http://www.wikidata.org/entity/Q219625$921579
=651  \0$aFrance$1http://www.wikidata.org/entity/Q142$9131
=942  \\$cBOO
=952  \\$00$10$2ddc$40$6VIS_CRAR$70$8AES$919253$aORPH$bORPH$cKTS1_H$d2021-08-18$g23.31$l2$m1$oVIS CRAR$p20131245$r2023-03-21 00:00:00$s2023-01-16$w2021-01-12$yBOO
=999  \\$d19191

