=LDR  00803aam a2200205   4500
=001  19193
=008  130821s2012\\\\gw\af\\\\\\\\\\\\\0\mul\d
=020  \\$a9783941532120
=041  \\$aeng$dswe
=100  \\$aHuber, John$4aut$920346
=245  \\$aA Swedish Musical Offering.$bEn gåva till musiken - En svensk erfarenhet
=260  \\$aBergkirchen$bEdition Bochinsky$c2012
=300  \\$a155 pages
=546  \\$aE / S
=650  \0$1http://www.wikidata.org/entity/Q846047$aMusic history$921373
=650  \0$1http://www.wikidata.org/entity/Q192096$aBowed string instrument$92398
=651  \0$1http://www.wikidata.org/entity/Q34$aSweden$9275
=942  \\$cBOO
=952  \\$00$10$2ddc$40$6INS_4A_SE$70$8COLL_UNK$919255$aORPH$bORPH$cKTS0$d2023-10-04$l0$oINS4a SE$p20130486$r2021-01-12 00:00:00$w2021-01-12$yBOO
=999  \\$d19193

