=LDR  01287aam a2200145   4500
=001  19195
=005  20250109133050.0
=008  160624s\\\\\\\\\\\\\\\\\\\\\\\\\\0\it
=041  \\$ait
=100  \\$aCaporaletti, Vincenzo$4aut$920348
=245  \\$aSwing e Groove: Sui fondamenti estetici delle musiche audiotattili
=520  \\$aLa prima completa ricognizione, in prospettiva internazionale, dei fenomeni dello swing e del groove, sotto il profilo storico-critico, analitico e teoretico. Nella prima parte è delineata una esaustiva rassegna critica della letteratura sullargomento, dalla fine del XIX secolo ad oggi. Nella seconda, allanalisi musicologica, condotta anche con criteri sperimentali, fa seguito unampia riflessione estetico-antropologica che chiama in causa in chiave comparatistica tutto il percorso storico della tradizione musicale darte/scritta occidentale. Si individuano così i nodi teoretici del principio audiotattile e della codifica neo-auratica a fondamento della fenomenologia creativa e ricettiva delle tradizioni e linguaggi musicali del jazz, del rock, delle popular music, nella inclusiva categoria di musiche audiotattili. 

=942  \\$cBOO
=952  \\$00$10$40$70$8COLL_UNK$919257$aORPH$bORPH$cLOC_UNK$d2021-01-12$l0$r2021-01-12 00:00:00$w2021-01-12$yBOO
=999  \\$c19195$d19195

