=LDR  01251aam a2200193   4500
=001  19198
=005  20250120120116.0
=008  120907s1980\\\\\\\\\\\\\\\\\\\\\\0\f
=020  \\$a9782070324491
=041  \\$afre
=100  \\$aCioran, Emil Michel$4aut$917585
=245  \\$aSyllogismes de l'armerture
=260  \\$bGallimard$c1980
=250  \\$a2
=300  \\$a153
=520  \\$a'Syllogismes de l'amertume' se présente sous l'aspect fragmenté d'un recueil de pensées, tour à tour graves ou cocasses. Rien pourtant de moins 'dispersé' que ce livre. Du premier au dernier paragraphe, une même obsession s'affirme : celle de conserver le double privilège de l'anxiété et du sourire. Alors que dans son premier essai, 'Précis de décomposition', Cioran s'attaquait à l'immédiat ou à l'inactuel avec une rage lyrique, dans celui-ci il promène sur notre époque, sur l'histoire et sur l'homme, un regard détaché où la révolte cède le pas à l'humour, à une sorte de sérénité dans l'ahurissement. Ce sont là propos d'un Job assagi à l'école des moralistes.
=942  \\$cBOO
=952  \\$00$10$2ddc$40$6PHI_CIOR_A$70$8PHI$919260$aORPH$bORPH$cKM12_3_2$d2021-08-11$g5.00$oPHI CIOR a$p20133627$r2021-01-12 00:00:00$w2021-01-12$yBOO
=999  \\$c19198$d19198

