=LDR  01129aam a2200253   4500
=001  19200
=005  20250424080905.0
=008  120308s2002\\\\\\\\\\\\\\\\\\\\\\0\dut\d
=020  \\$a9789028932067
=041  \\$adut
=100  \\$aDe Visscher, Jacques$4aut$918632
=245  \\$aHet symbolische verlangen:$bover onze architectonische, erotisch-seksuele en godsdienstig-religieuze zinnebeelden
=260  \\$aKapellen$bPelckmans$c2002
=300  \\$a174 pages
=648  \0$a21st Century (2001-2100)$1http://www.wikidata.org/entity/Q6939$920812
=650  \0$aPhilosophy$1http://www.wikidata.org/entity/Q5891$92357
=650  \0$aArchitecture$1http://www.wikidata.org/entity/Q12271$93185
=650  \0$aSexuality$1http://www.wikidata.org/entity/Q154136$927146
=650  \0$aEroticism$1http://www.wikidata.org/entity/Q3519050$924422
=650  \0$aReligion$1http://www.wikidata.org/entity/Q9174$93062
=651  \0$aBelgium$1http://www.wikidata.org/entity/Q31$920881
=942  \\$cBOO
=952  \\$00$10$2ddc$40$6PHI_DEVI_A$70$8PHI$919262$aORPH$bORPH$cKM12_3_2$d2021-08-03$oPHI DEVI a$p20132943$r2021-01-12 00:00:00$w2021-01-12$yBOO
=999  \\$d19200

