=LDR  00448aam a2200145   4500
=001  19205
=005  20250109133050.0
=008  170522s\\\\\\\\\\\\\\\\\\\\\\\\\\0\\\\
=100  \\$4Komponist$aUrspruch, Anton$920355
=245  \\$aSymphonie (Es dur) für grosses Orchester
=260  \\$aHamburg$bAug. Cranz
=300  \\$a69
=942  \\$cSCO
=952  \\$00$10$40$70$8SCO$919267$aORPH$bORPH$cKTS1_P$d2021-01-12$l0$r2021-01-12 00:00:00$w2021-01-12$ySCO
=999  \\$c19205$d19205

