=LDR  02759aam a2200181   4500
=001  19211
=005  20230123111135.0
=008  150910s2005\\\\\\\\\\\\\\\\\\\\\\0\d
=020  \\$a3050038462
=041  \\$ager
=100  \\$4aut$aSandbothe, Mike$920360
=245  \\$aSystematische Medienphilosophie
=260  \\$aBerlin$bAkademie Verlag$c2005
=300  \\$a410 pages
=520  \\$aSeit Platons Schriftkritik und Aristoteles' Poetik ist die Frage nach den Medien ein Grundthema philosophischer Reflexion. Durch die Weiterentwicklung der technischen Verbreitungsmedien hat dieses Thema in der Moderne zusätzliche Brisanz erlangt. Zu sich selbst ist die philosophische Befassung mit den Medien jedoch erst im zwanzigsten Jahrhundert gekommen. Autoren wie Adorno, Anders, Benjamin, Bergson, Brecht, Cassirer, Dewey, Havelock, Heider, Kracauer, McLuhan oder Ong lassen sich als Gründerväter der zeitgenösssischen Medienphilosophie verstehen. Im Zentrum dieser bisher nur unzureichend institutionalisierten Disziplin steht die philosophische Analyse der Zusammenhänge, die zwischen sinnlichen Wahrnehmungsmedien (wie Raum Zeit und den fünf Sinnen), semiotischen Kommunikationsmedien (wie Bild, Sprache, Schrift und Musik) und technischen Verbreitungsmedien (wie Stimme, Buchdruck, Film, Fernsehen, Computer und Internet) bestehen.

Der Band gibt eine Einführung in aktuelle medienphilosophische Grundpositionen und vermittelt einen systematischen Überblick über Geschichte und Gegenwart der unterschiedlichen medienphilosophischen Teildisziplinen. Diese sind systematisch nach den unterschiedlichen Mediensorten geordnet. Im Zentrum steht dabei die Frage, wie sich Veränderungen, die sich in den Bereichen der technischen Verbreitungsmedien und/oder der semiotischen Kommunikationsmedien vollziehen, auf die sinnlichen Wahrnehmungsmedien und vermittelt über diese auf unser Wirklichkeitsverständnis auswirken können. Die Autorinnen und Autoren sind international anerkannte Expertinnen und Experten, die sich mit der Frage nach den Medien aus einer dezidiert philosophischen Perspektive befassen. In ihren Beiträgen geben sie Auskunft über den Zusammenhang, der zwischen Medien und Philosophie besteht. Dies tun sie, indem sie mit Blick auf eine der Teildisziplinen zeigen, wie sich die medienphilosophische Leitfrage darstellt, wenn man sie mit Blick auf ein bestimmtes Einzelmedium fokussiert. Die Autorinnen und Autoren greifen in ihren Beiträgen auf kanonische Texte zurück und führen in die Traditionszusammenhänge ein, aus denen sich die aktuelle Diskussion speist.
=942  \\$cBOO
=952  \\$00$10$2ddc$40$6PHI_SAND_A$70$8PHI$919273$aORPH$bORPH$cKM12_3_2$d2021-08-10$g99.00$oPHI SAND a$p20133525$r2021-01-12 00:00:00$w2021-01-12$yBOO
=999  \\$c19211$d19211

