=LDR  00479aam a2200157   4500
=001  19216
=005  20250109133050.0
=008  150521s1971\\\\\\\\\\\\\\\\\\\\\\0\n
=041  \\$adut
=100  \\$aSergant, M.C.$4aut$920363
=245  \\$aTaal & logica
=260  \\$aBaarn$bHet wereldvenster$c1971
=300  \\$a19
=942  \\$cBOO
=952  \\$00$10$2ddc$40$6PHI_SERG_A$70$8PHI$919278$aORPH$bORPH$cKM12_3_2$d2021-08-18$oPHI SERG a$p20133937$r2021-01-12 00:00:00$w2021-01-12$yBOO
=999  \\$c19216$d19216

