=LDR  00487aam a2200157   4500
=001  19217
=005  20251009081722.0
=008  140428s1962\\\\\\\\\\\\\\\\\\\\\\0\n
=041  \\$adut
=100  \\$4edt$aReicheling, A.$920364
=245  \\$aTaalonderzoek in onze tijd
=260  \\$aDen Haag$bServire$c1962
=300  \\$a127
=942  \\$cBOO
=952  \\$00$10$2ddc$40$6PHI_REIC_A$70$8PHI$919279$aORPH$bORPH$cKM12_3_2$d2021-08-04$oPHI REIC a$p20133039$r2021-01-12 00:00:00$w2021-01-12$yBOO
=999  \\$c19217$d19217

