=LDR  00791aam a2200169   4500
=001  19221
=005  20230123111136.0
=008  180301s2016\\\\\\\\\\\\\\\\\\\\\\0\eng
=041  \\$aeng
=100  \\$aWilliams, Christopher Albert$4aut$920367
=245  \\$aTactile paths: on and through notation for improvisers
=260  \\$aLeiden$bLeiden University$c2016
=300  \\$a153 pages
=520  \\$aProefschrift ter verkrijging van de graad van Doctor aan de Universiteit Leiden op gezag van de Rector Magnificus prof. mr. C.J.J.M. Stolker, volgens besluit van het College voor promoties te verdedigen op 13 december 2016.
=942  \\$cDIS
=952  \\$00$10$2ddc$40$6MTP_5_000000000000000_WILL$70$8MTP$919283$aORPH$bORPH$cKM12_1$d2021-08-31$oMTP5 WILL$p20131416$r2021-01-12 00:00:00$w2021-01-12$yDIS
=999  \\$d19221

