=LDR  00878aam a2200217   4500
=001  19223
=005  20250120120416.0
=008  180919s\\\\\\\\\\\\\\\\\\\\\\\\\\0\dut
=041  \\$adut$dger
=100  \\$aVrijdag, Louis$d1813-1883$4aut$920369
=245  \\$aTannhaüser en de zangwedstrijd op den Wartburg
=260  \\$aBrussels$bVrijdag$cs.d.
=300  \\$a31 pages
=490  \\$aOpera-gids$v12
=590  \\$awoorden en muziek van Richard Wagner
=600  \0$aWagner, Richard$d1813-1883$1http://www.wikidata.org/entity/Q1511$97120
=648  \0$a19th Century (1801-1900)$1http://www.wikidata.org/entity/Q6955$920935
=650  \0$aOpera$1http://www.wikidata.org/entity/Q1344$92468
=942  \\$cBOO
=952  \\$00$10$2ddc$40$6KTS_1_000000000000000_C3_15_15$70$8RAR$919285$aORPH$bORPH$cKTS1_C3$d2021-09-08$oKTS1 C3.15 (15)$p20136420$r2021-01-12 00:00:00$w2021-01-12$yBOO
=999  \\$c19223$d19223

