=LDR  02431aam a2200253   4500
=001  19225
=005  20250925143305.0
=008  160405s2001\\\\\\\\\\\\\\\\\\\\\\0\ger
=020  \\$a9783935549004
=041  \\$ager
=245  \\$aTanzende Sterne und nasser Asphalt:$bDie Filmarchitekten Herbert Kirchhoff und Albrecht Becker und das Gesicht des deutschen Films in den 50er Jahren
=260  \\$aHamburg$bDölling und Galitz$c2001
=300  \\$a263 pages
=520  \\$aIhre Arbeit findet scheinbar hinter den Kulissen statt. Aber in Wahrheit sind sie die Baumeister der Kulissen. Die Filmarchitekten Herbert Kirchhoff und Albrecht Becker, zweifache Träger des Bundesfilmpreises, haben maßgeblich zur Geschichte des deutschen Films beigetragen und ihm eine Gestalt verliehen. Ihre Bandbreite gleicht der des deutschen Films in jener Zeit und ihre Bauten sind oft besser als die Filme, die schließlich daraus wurden. Heinz Rühmann irrt im "Hauptmann von Köpenick" durch die historisierende wilhelminische Architektur von Kirchhoff und Becker, Curd Jürgens sucht seinen Weg in "Des Teufels General" in dem von ihnen überzeichneten, nationalsozialistischen Ambiente, Romy Schneider und Horst Buchholz verlieben sich in "Monpti" unter verwinkelten Pariser Dächern und Marika Röck schwingt das Tanzbein auf überladenen Revuebühnen. Maria Schell schwebt über breite geschwungene Treppen, und Liselotte Pulver übernachtet in der "Zürcher Verlobung" in einer eingeschneiten Skihütte, während Paul Hubschmidt an einem Nierentisch sitzt. Der Schinderhannes wird auf der Guillotine hingerichtet. Das Buch bietet eine umfangreiche Dokumentation der Arbeit der beiden Filmarchitekten und eine Materialsammlung von zum großen Teil unveröffentlichten Zeichnungen, Entwürfen und Fotos, die Szenen des deutschen Films neu beleuchten.
=648  \0$a20th Century (1901-2000)$1http://www.wikidata.org/entity/Q6927$920936
=650  \0$aFilm$1http://www.wikidata.org/entity/Q11424$921409
=650  \0$aArchitecture$1http://www.wikidata.org/entity/Q12271$93185
=650  \0$aScenography$1http://www.wikidata.org/entity/Q737201$921278
=651  \0$aGermany$1http://www.wikidata.org/entity/Q183$9155
=700  \\$4edt$aWinkler, Christoph$920371
=700  \\$4edt
=942  \\$cBOO
=952  \\$00$10$2ddc$40$6BIO_KIRC_E$70$8BIO$919287$aORPH$bORPH$cKTS1_P$d2022-05-25$g19.00$oBIO KIRC e$p20130111$r2021-01-12 00:00:00$w2021-01-12$yBOO
=999  \\$d19225

