=LDR  00731aam a2200169   4500
=001  19227
=005  20250109133050.0
=008  130429s2007\\\\\\\\\\\\\\\\\\\\\\0\dut
=041  \\$adut
=100  \\$aPeeters, Annemarie$4aut$920374
=245  \\$aTarab: Over de reis, het verlangen en het voortdurende 'tussen': Relaas van een muzikaal-antropologische ontmoeting
=260  \\$aLeuven$bKUL$c2007
=300  \\$a99 pages
=520  \\$aVerhandeling aangeboden tot het verkrijgen van de graad van Licentiaat in de Sociale en Culturele Antropologie, KU Leuven, 2008
=942  \\$cDIS
=952  \\$00$10$2ddc$40$6MTP_5_000000000000000_PEET$70$8MTP$919289$aORPH$bORPH$cKM12_1$d2021-08-31$oMTP5 PEET$p20131371$r2021-01-12 00:00:00$w2021-01-12$yDIS
=999  \\$d19227

