=LDR  02701aam a2200241   4500
=001  19231
=005  20250908102944.0
=008  150707s1994\\\\\\\\\\\\\\\\\\\\\\0\eng
=020  \\$a9780804730419
=041  \\$aeng$hfre
=100  \\$aStiegler, Bernard$d1952-2020$4aut$1http://www.wikidata.org/entity/Q822727$920375
=245  \\$aTechnics and Time$n1$pThe Fault of Epimetheus
=260  \\$aStanford, CA$bStanford University$c1994
=300  \\$a295 pages
=520  \\$aWhat is a technical object? At the beginning of Western philosophy, Aristotle contrasted beings formed by nature, which had within themselves a beginning of movement and rest, and man-made objects, which did not have the source of their own production within themselves. This book, the first of three volumes, revises the Aristotelian argument and develops an innovative assessment whereby the technical object can be seen as having an essential, distinct temporality and dynamics of its own. The Aristotelian concept persisted, in one form or another, until Marx, who conceived of the possibility of an evolution of technics. Lodged between mechanics and biology, a technical entity became a complex of heterogeneous forces. In a parallel development, while industrialization was in the process of overthrowing the contemporary order of knowledge as well as contemporary social organization, technology was acquiring a new place in philosophical questioning. Philosophy was for the first time faced with a world in which technical expansion was so widespread that science was becoming more and more subject to the field of instrumentality, with its ends determined by the imperatives of economic struggle or war, and with its epistemic status changing accordingly. The power that emerged from this new relation was unleashed in the course of the two world wars. Working his way through the history of the Aristotelian assessment of technics, the author engages the ideas of a wide range of thinkers - Rousseau, Husserl, and Heidegger, the paleo-ontologist Leroi-Gourhan, the anthropologists Vernant and Detienne, the sociologists Weber and Habermas, and the systems analysts Maturana and Varela.
=650  \0$aPhilosophy$1http://www.wikidata.org/entity/Q5891$92357
=650  \0$aTechnology$1http://www.wikidata.org/entity/Q11016$921633
=700  \\$4trl$aBeardsworth, Richard$d1961-$1http://www.wikidata.org/entity/Q93237891$924522
=700  \\$4trl$aCollins, George$924523
=765  \\$aLa technique et le temps 1: La faute d'Épiméthée
=942  \\$cBOO
=952  \\$00$10$2ddc$40$6PHI_STIE_A$70$8PHI$919293$aORPH$bORPH$cKM12_3_2$d2015-07-06$l2$oPHI STIE a$p20139091$r2025-02-13 16:59:45$s2024-12-18$v27.48$w2015-07-06$yBOO
=999  \\$d19231

