=LDR  02134aam a2200217   4500
=001  19232
=005  20250908102944.0
=008  150707s2009\\\\\\\\\\\\\\\\\\\\\\0\eng\d
=020  \\$a9780804730143
=041  \\$aeng$hfre
=100  \\$aStiegler, Bernard$d1952-2020$4aut$1http://www.wikidata.org/entity/Q822727$920375
=245  \\$aTechnics and Time$n2$pDisorientation
=260  \\$aStanford, CA$bStanford University Press$c2009
=300  \\$a267 pages
=520  \\$a"Disorientation" is the first publication in English of the second volume of "Technics and Time", in which French philosopher Bernard Stiegler engages in a close dialogue with Husserl, Derrida, and other philosophers who have devoted their energies to technics, such as Heidegger and Simondon. The author's broad intent is to respond to Western philosophy's historical exclusion of technics and techniques from its metaphysical questionings, and in so doing to rescue critical and philosophical thinking. For many years, Stiegler has explored the origins and philosophical, ethical, and political stakes of a global process he calls "the industrial temporalization of consciousness."Here, demonstrating that technology - including alphabetical writing - is memory, he argues that through new technologies of retention and inscription we have come to live in a world where time devours space, a disoriented world in which we have lost our bearings. Immersed in the multimedia of an over-connected world, with time and space as we know them abolished, we no longer find 'cardinal points' to guide us and may even be led where we do not wish to go. We must therefore prepare to confront new spheres of ideological control and discover new possibilities in the digital environment.
=650  \0$aPhilosophy$1http://www.wikidata.org/entity/Q5891$92357
=650  \0$aTechnology$1http://www.wikidata.org/entity/Q11016$921633
=765  \\$aLa technique et le temps 2: La désorientation
=942  \\$cBOO
=952  \\$00$10$2ddc$40$6PHI_STIE_A$70$8PHI$919294$aORPH$bORPH$cKM12_3_2$d2022-06-29$g27.00$l1$oPHI STIE a$p20139435$r2025-02-13 16:59:17$s2024-12-18$w2021-01-12$yBOO
=999  \\$d19232

