=LDR  01898aam a2200229   4500
=001  19233
=005  20250908102944.0
=008  150707r20112001\\\\\\\\\\\\\\\\\\0\eng\d
=020  \\$a9780804761680
=041  \\$aeng$hfre
=100  \\$aStiegler, Bernard$d1952-2020$4aut$1http://www.wikidata.org/entity/Q822727$920375
=245  \\$aTechnics and Time$n3$pCinematic Time and the Question of Malaise
=260  \\$aStanford, CA$bStanford University Press$c2011
=300  \\$a255 pages
=520  \\$aIn the first two volumes of Technics and Time, Bernard Stiegler worked carefully through Heidegger's and Husserl's relationship to technics and technology. Here, in volume three, he turns his attention to the prolematic relationship to technics he finds in Kant's Critique of Pure Reason, particularly in the two versions of the Transcendental Deduction. Stiegler relates this problematic to the "cinematic nature" of time, which precedes cinema itself but reaches an apotheosis in it as the exteriorization process of schema, through tertiary retentions and their mechanisms. The book focuses on the relationship between these themes and the "culture industry" - as defined by Adorno and Horkheimer - that has supplanted the educational institutions on which genuine cultural participation depends. This displacement, Stiegler says, has produced a malaise from which current global culture suffers. The result is potentially catastrophic.
=650  \0$aPhilosophy$1http://www.wikidata.org/entity/Q5891$92357
=650  \0$aTechnology$1http://www.wikidata.org/entity/Q11016$921633
=700  \\$4trl$aBarker, Stephen$924840
=765  \\$aLa technique et le temps 3. Le Temps du cinéma et la questions du mal-être
=942  \\$cBOO
=952  \\$00$10$2ddc$40$6PHI_STIE_A$70$8PHI$919295$aORPH$bORPH$cKM12_3_2$d2022-06-29$g26.00$l1$oPHI STIE a$p20139436$r2025-02-13 16:59:34$s2024-12-18$w2021-01-12$yBOO
=999  \\$d19233

