=LDR  01565aam a2200217   4500
=001  19236
=005  20250820130241.0
=008  150424s2014\\\\\\\\\\\\\\\\\\\\\\0\eng
=020  \\$a9783761822432
=041  \\$aeng
=059  \\$agtr
=245  \\$aThe Techniques of Guitar Playing
=260  \\$aKassel$bBärenreiter$c2014
=300  \\$a233 pages
=520  \\$aThe Techniques of Guitar Playing by Seth F. Josel and Ming Tsao is a new instruction manual for guitarists wishing to improve their mastery of the variety of expressive means used in contemporary music and also for composers wanting to write for the guitar. The book is the result of a working project in artistic development with the title The Guitar as a Vehicle for New Music Performance
Practice financed by the Faculty of Fine, Applied and Performing Arts at the University of Gothenburg.
This book is a fine illustration of the mission of the Academy of Music and Drama itself, balancing as it does in the borderlands between education and research. With courses at the basic level running parallel to advanced studies, development projects and research in several disciplines, the Academy offers a wealth of possibilities for motivating as well as inspiring the creation and practice
of new art.
=700  \\$4aut$aJosel, Seth$920377
=700  \\$4aut$aTsao, Ming$920378
=942  \\$cBOO
=952  \\$00$10$2ddc$3CD$40$70$8INS$919298$aORPH$bORPH$cKTS0$d2014-11-25$g0.00$l0$p20135728$r2021-01-12 00:00:00$w2021-01-12$yBOO
=999  \\$c19236$d19236
=650  \0$aMethod$1http://www.wikidata.org/entity/Q2250960$921402

