=LDR  02534aam a2200229   4500
=001  19237
=005  20251001162234.0
=008  150707s1992\\\\\\\\\\\\\\\\\\\\\\0\eng
=020  \\$a9780262531078
=041  \\$aeng
=100  \\$aCrary, Jonathan$4aut$1http://www.wikidata.org/entity/Q6272840$920345
=245  \\$aTechniques of the Observer:$bOn Vision and Modernity in the Nineteenth Century
=260  \\$aCambridge, MA$bMIT$c1992
=300  \\$a171 pages
=490  \\$aOctober Books
=520  \\$aIn Techniques of the Observer Jonathan Crary provides a dramatically new perspective on the visual culture of the nineteenth century, reassessing problems of both visual modernism and social modernity. Inverting conventional approaches, Crary considers the problem of visuality not through the study of art works and images, but by analyzing the historical construction of the observer. He insists that the problems of vision are inseparable from the operation of social power and examines how, beginning in the 1820s, the observer became the site of new discourses and practices that situated vision within the body as a physiological event. Alongside the sudden appearance of physiological optics, Crary points out, theories and models of "subjective vision" were developed that gave the observer a new autonomy and productivity while simultaneously allowing new forms of control and standardization of vision. Crary examines a range of diverse work in philosophy, in the empirical sciences, and in the elements of an emerging mass visual culture. He discusses at length the significance of optical apparatuses such as the stereoscope and of precinematic devices, detailing how they were the product of new physiological knowledge. He also shows how these forms of mass culture, usually labeled as "realist," were in fact based on abstract models of vision, and he suggests that mimetic or perspectival notions of vision and representation were initially abandoned in the first half of the nineteenth century within a variety of powerful institutions and discourses, well before the modernist painting of the 1870s and 1880s.
=648  \0$a19th Century (1801-1900)$1http://www.wikidata.org/entity/Q6955$920935
=650  \0$aFine art$1http://www.wikidata.org/entity/Q219625$921579
=650  \0$aAesthetics$1http://www.wikidata.org/entity/Q35986$921494
=942  \\$cBOO
=952  \\$00$10$2ddc$40$6VIS_CRAR$70$8VIS$919299$aORPH$bORPH$cKTS1_H$d2015-07-06$l3$oVIS CRAR$p20139090$r2024-01-03 00:00:00$s2023-01-26$v23.80$w2021-01-12$yBOO
=999  \\$d19237

