=LDR  01857aam a2200217   4500
=001  19238
=008  150317s2013\\\\gw\ag\\\\\\\\\\\\\0\mul\d
=020  \\$a9783761822678
=041  \\$aeng$ager
=100  \\$4aut$aArditti, Irvine$918217
=100  \\$4aut$aPlatz, Robert HP$920379
=245  \\$aThe techniques of violin playing. Die spieltechnik der violine
=260  \\$aKassel$bBärenreiter$c2013
=300  \\$a117 pages
=500  \\$aContains a CD
=520  \\$aIrvine Arditti who is an extraordinary violinist, a specialist for contemporary music and the leader of the phenomenal Arditti Quartet, worked together with the composer and conductor Robert HP Platz to produce this book on contemporary violin technique. It presents detailed explanations of the technical possibilities of the violin for performers and composers.

This publication takes into account the virtuosity of a new generation of soloists. These are soloists who with their exceptional ability, have succeeded in paving the way for a greater understanding of classical and contemporary music.

The chapters on bowing techniques, vibrato, pizzicato, glissando, flageolet, tablatures, rhythm and electronic sound production are illustrated with numerous musical examples and diagrams.

Particularly helpful is the accompanying DVD, where Arditti demonstrates and explains the described techniques. Chapters on the basics of violin technique and on Irvine Ardittis personal experience with notable composers make the book equally interesting for non-violinists.
=650  \0$aViolin$1http://www.wikidata.org/entity/Q8355$92783
=650  \0$aMethod$1http://www.wikidata.org/entity/Q2250960$921402
=942  \\$cBOO
=952  \\$00$10$2ddc$40$6INS_4_000000000000000_1C_ARDI$70$8INS$919300$aORPH$bORPH$cKTS0$d2022-01-05$g35.00$oINS4.1c ARDI$p20126025$r2021-01-12 00:00:00$w2021-01-12$yBOO
=999  \\$d19238

