=LDR  00555aam a2200157   4500
=001  19240
=005  20230123102349.0
=008  190115s1958\\\\\\\\\\\\\\\\\\\\\\0\n
=041  \\$an
=100  \\$aNuten, P.$4aut$917311
=245  \\$aTeksten door Filip de Monte gebruikt bij het komponeren van zijn madrigali spirituali
=260  \\$aBrussel$bPaleis der Academiën$c1958
=300  \\$a134
=942  \\$cBOO
=952  \\$00$10$2ddc$40$6BIO_MONT1_A$70$8BIO$922886$aORPH$bORPH$cKTS1_P$d2023-08-25$l0$oBIO MONT1 a$p20130026$r2023-08-25 00:00:00$w2023-08-25$yBOO
=999  \\$c19240$d19240

