=LDR  02297aam a2200181   4500
=001  19242
=005  20250109133050.0
=008  120227s1993\\\\\\\\\\\\\\\\\\\\\\0\f
=020  \\$a9782020207294
=041  \\$afre
=100  \\$aLoraux, Patrice$4aut$920380
=245  \\$aLe tempo de la pensée
=260  \\$aParis$bSeuil$c1993
=300  \\$a453
=520  \\$aLe blocage, l'empêchement de penser, le détour, la panne se trouvent au coeur de la création : tous ces dysfonctionnements où la pensée ? grippe ? sont la pensée même. Kafka, Mallarmé, mais aussi Platon, Aristote, Kant, Husserl et Wittgenstein négocient avec leurs conflits. S'ils réussissent, il y a une oeuvre, sinon, elle demeure dans les limbes ? ce qui est le cas pour une partie de l'oeuvre de Mallarmé. Chez le créateur, il existe une peur essentielle, celle de poursuivre. Plutôt recommencer que poursuivre : tel est le secret désir qui paralyse. Pour Rimbaud, c'est différent. Il va très vite, ne connaît pas d'obstacle, brûle toutes les étapes en feignant de ne pas voir les difficultés. Alors que les philosophes ne cessent d'avancer en un mouvement d'aller et de retour, chez Rimbaud, il n'y a pas de retour, ou alors il aurait été catastrophique. Troublée par l'énigme qu'elle est pour elle-même, la pensée n'existe pas sans affectivité : ce qui excite paralyse, mais, sans excitation, il n'y a pas de pensée. Ce qui suscite le désir d'écrire empêche d'écrire. Tout l'art consiste alors à négocier avec les résistances. En compagnie de Rilke, Proust, Valéry, Claudel et Beckett, l'auteur ? qui a lu Freud ? montre comment la raison se démène, étant entendu que la compréhension des choses n'est pas autonome. L'affectivité peut lui opposer un mur. Il faut alors consentir à un saut, à penser un pont, sans savoir quel sera le terrain inconnu découvert ? en face ?. Dans ce livre, en quête d'une musique secrète (le tempo dénote un rythme qui n'est pas défini de manière absolue), il y a un désir de se déprendre du lyrisme de la pensée. Plutôt qu'une oreille séduite, l'énergie d'un pas décidé.
=942  \\$cBOO
=952  \\$00$10$2ddc$40$6PHI_LORA_A$70$8PHI$919303$aORPH$bORPH$cKM12_3_2$d2021-08-11$g24.00$oPHI LORA a$p20133821$r2021-01-12 00:00:00$w2021-01-12$yBOO
=999  \\$c19242$d19242

