=LDR  01223aam a2200253   4500
=001  19244
=005  20251103124736.0
=008  201111s1998\\\\\\\\\\\\\\\\\\1\\\0\ger
=020  \\$a3895121045
=041  \\$ager
=245  \\$aTempo, Rhythmik, Metrik, Artikulation in der Musik des 18. Jahrhunderts
=260  \\$aBlankenburg$bStiftung Kloster Michaeltstein$c1998
=300  \\$a168 pages
=490  \\$aMichaelsteiner Konferenzberichte$v53
=590  \\$aXXIII. Internationale Wissenschaftliche Arbeitstagung zu Fragen der Aufführungspraxis und Interpretation der Musik des 18. Jahrhunderts. Michaelstein 16. bis 18. Juni 1995
=650  \0$aHistorically informed performance$1http://www.wikidata.org/entity/Q1344860$920980
=650  \0$aMusical interpretation$1http://www.wikidata.org/entity/Q1668139$94533
=700  \\$4edt$aFleischhauer, Günter$d1928-2002$1http://www.wikidata.org/entity/Q72937039$910889
=700  \\$4edt$aSiegmund, Bert$916843
=700  \\$4edt$aRuf, Wolfgang$916842
=700  \\$4edt$aZschoch, Frieder$916844
=942  \\$cBOO
=952  \\$00$10$2ddc$40$6GHM_5_000000000000000$70$8GHM$919305$aORPH$bORPH$cKM12_1$d2021-10-27$l1$m3$oGHM5$p20130188$r2022-09-06 00:00:00$s2021-10-27$w2021-01-12$yBOO
=999  \\$d19244

