=LDR  01217aam a2200181   4500
=001  19245
=005  20250120120044.0
=008  140619s2012\\\\\\\\\\\\\\\\\\\\\\0\f
=020  \\$a9782746505926
=041  \\$afre
=100  \\$aSerres, Michel$d1930-2019$4aut$1http://www.wikidata.org/entity/Q364456$916516
=245  \\$aTemps des cirises
=260  \\$aParis$bLe pommier$c2012
=300  \\$a112
=520  \\$aQue révèle le séisme financier et boursier qui nous secoue aujourd'hui? Si nous vivons une crise, au sens plein du terme, aucun retour en arrière n'est possible. Il faut donc inventer du nouveau. Or, le nouveau nous submerge! En agriculture, transports, santé, démographie, informatique, conflits, des bouleversements gigantesques ont transformé notre condition comme jamais cela n'était arrivé dans l'histoire. Seules nos institutions n'ont pas changé. Et voici, l'une de ces ruptures profondes: notre planète devient un acteur essentiel de la scène politique. Qui, désormais, représentera le Monde, ce muet? Et comment?
=942  \\$cBOO
=952  \\$00$10$2ddc$40$6PHI_SERR_A$70$8PHI$919306$aORPH$bORPH$cKM12_3_2$d2021-08-18$g7.17$oPHI SERR a$p20133935$r2021-01-12 00:00:00$w2021-01-12$yBOO
=999  \\$c19245$d19245

