=LDR  00869aam a2200205   4500
=001  19246
=005  20251001162314.0
=008  140221s1998\\\\\\\\\\\\\\\\\\\\\\0\fre\d
=020  \\$a9782825132258
=041  \\$afre
=100  \\$aEmery, Eric$d1926-$4aut$1http://www.wikidata.org/entity/Q102335426$917469
=245  \\$aTemps et musique :$bTemps et dialectique de la durée
=260  \\$aLausanne$bL'Age D'homme$c1998
=300  \\$a695 pages
=650  \0$aMusic philosophy and aesthetics$1http://www.wikidata.org/entity/Q2092865$921165
=650  \0$aDuration$1http://www.wikidata.org/entity/Q16038819$922905
=650  \0$aTobacco$1http://www.wikidata.org/entity/Q1566$921475
=942  \\$cBOO
=952  \\$00$10$2ddc$40$6AES_EMER$70$8AES$919307$aORPH$bORPH$cKM12_1$d2021-12-22$g33.00$l1$m3$oAES EMER$p20139452$r2022-09-06 00:00:00$s2021-03-10$w2021-01-12$yBOO$Vamazon.fr
=999  \\$d19246

