=LDR  03270aam a2200241   4500
=001  19247
=005  20251001162314.0
=008  151124s2007\\\\\\\\\\\\\\\\\\\\\\0\fre
=020  \\$a9782296038516
=041  \\$afre
=245  \\$aTemps, geste et musicalité
=260  \\$aParis$bL'Harmattan$c2007
=300  \\$a282 pages
=520  \\$aBergson disait que lorsque la musique pleure, c'est l'humanité entière qui pleure avec elle. Mais quelles racines l'immense pouvoir expressif de la musique trouve-t-il en nous ? Les psychologues savent depuis longtemps que nous avons de notre corps une représentation interne basée essentiellement sur les sensations que nous en éprouvons tout au long de la vie quotidienne. Ils savent également que ces " éprouvés " du corps constituent un système complexe et efficient de repères, à la fois spatiaux et temporels, mais aussi un ensemble d'informations dynamiques permettant l'identification ou la reconnaissance, hors langage et hors catégorisation abstraite, des expériences fondamentales du corps et de ses rapports avec l'environnement physique et humain. La forme musicale s'organise à partir de gestes et de mouvements qui la dynamisent et dont il est toujours possible de retrouver la forme concrète dans le temps, mais à son tour elle se fige en unités expressives qui seront progressivement codées, stylisées, renvoyées à des valeurs symboliques, historiques et sociales. Ce livre propose donc une série d'approches diverses de ce problème central dont il faut aussi comprendre les conséquences au plan de la pédagogie active. En particulier, le message qu'il veut adresser à tous ceux qui s'intéressent à l'enseignement de la musique et à la place de la musique dans notre société, est celui de son importance pour le développement harmonieux de la communication entre les êtres humains, enfants d'abord, adultes ensuite, responsables de notre épanouissement personnel et culturel. Ce travail collectif est le résultat d'une collaboration entre le Centre de Recherche en Psychologie et Musicologie Systématique (Psychomuse) de l'Université de Paris X - Nanterre, le Département de Musicologie de l'Université de Bologne et le Département de Psychologie Cognitive de l'Université " la Sapienza " de Rome. Il a donné lieu à un séminaire qui s'est tenu à Nanterre et à l'IRCAM en juin 2005 et qui a montré que, depuis de nombreuses années, au travers des recherches des uns et des autres, sont apparus des thèmes communs qui, à leur tour, se sont organisés autour des notions de communication, de temporalité et d'interactivité dans le domaine de la perception et de la créativité musicale.
=650  \0$aMusic philosophy and aesthetics$1http://www.wikidata.org/entity/Q2092865$921165
=650  \0$aMusic education$1http://www.wikidata.org/entity/Q27908$921766
=650  \0$aGesticulation$1http://www.wikidata.org/entity/Q1519539$922031
=650  \0$aTobacco$1http://www.wikidata.org/entity/Q1566$921475
=700  \\$4aut$aImberty, Michel$920383
=700  \\$4aut$aGratier, Maya$920384
=942  \\$cBOO
=952  \\$00$10$2ddc$40$6AES_IMBE$70$8AES$919308$aORPH$bORPH$cKM12_1$d2015-11-16$l1$oAES IMBE$p20139109$r2022-06-08 00:00:00$s2021-03-12$v17.57$w2015-11-16$yBOO
=999  \\$d19247

