=LDR  01505aam a2200169   4500
=001  19248
=005  20230123111139.0
=008  150521s1933\\\\\\\\\\\\\\\\\\\\\\0\f
=041  \\$afre
=100  \\$aMinkowski, E.$4aut$920385
=245  \\$aLe temps vécu: Etudes phénoménologiques et psychopathologiques
=260  \\$aParis$bD'artrey$c1933
=300  \\$a401
=520  \\$aLe temps est décomposé en points juxtaposés, et en faisant défiler, mentalement avec une vitesse supposée très grande, ces points avec les états de conscience qui seraient censés y être, on croit avoir donné un tableau fidèle de l'écoulement de la vie dans le temps. Pourtant, en réalité, le temps vécu ne ressemble en rien à ce tableau. Synonyme de dynamisme, il se montre néanmoins fort compatible avec les phénomènes de durée et de stabilité (qui sont tout autre chose que l'immobile et le mort) ; de plus, il existe des phénomènes qui, s'ils s'écoulent dans le temps, contiennent en outre le temps en eux, constituent, si nous osons nous exprimer ainsi, comme des figures temporelles ; tels sont, pour ne citer que quelques exemples, le souvenir avec son rappel du passé ou encore le désir et l'espérance qui, tournés par leur nature même vers l'avenir, contribuent à le créer et à le recréer toujours à nouveau devant nous. »
=942  \\$cBOO
=952  \\$00$10$2ddc$40$6PHI_MINK_A$70$8PHI$919309$aORPH$bORPH$cKM12_3_2$d2021-08-04$oPHI MINK a$p20133018$r2021-01-12 00:00:00$w2021-01-12$yBOO
=999  \\$c19248$d19248

