=LDR  01092aam a2200193   4500
=001  19250
=005  20250109133050.0
=008  150317s1976\\\\\\\\\\\\\\\\\\\\\\0\e/f
=020  \\$a2020860937
=041  \\$ae/f
=100  \\$4aut$aEliot, T. S.$d1888–1965$920389
=100  \\$4Translator$aLeyris, Pierre$920390
=245  \\$aLa terre vaine et autre poèmes
=260  \\$bSeuil$c1976
=300  \\$a241
=520  \\$aCe volume, présenté dans une traduction de Pierre Leyris qui fait référence, se compose de plusieurs groupes de poèmes suivis de notes (certaines établies par T S Eliot lui-même). Premiers poèmes, Mercredi creux, Mercredi des cendres, Poèmes d'Ariel, Quatre quatuors, éclairent une oeuvre poétique qui a dominé la première moitié du XXe siècle. La Terre vaine, le chef-d'oeuvre de T S Eliot, désormais considéré comme un classique de la poésie anglo-saxonne, complète ce recueil.
=942  \\$cBOO
=952  \\$00$10$2ddc$40$6LIT_ELIO_A$70$8LIT$919311$aORPH$bORPH$cKM12_2_H$d2021-08-18$g8.00$oLIT ELIO a$p20134009$r2021-01-12 00:00:00$w2021-01-12$yBOO
=999  \\$c19250$d19250

