=LDR  00598aam a2200169   4500
=001  19252
=005  20250109133050.0
=008  201007s2000\\\\\\\\\\\\\\\\\\\\\\0\d
=020  \\$a3615002113
=041  \\$ad
=100  \\$4aut$aCorbineau-Hoffmann, Angelika$920391
=245  \\$aTestament und Totenmaske: der literarische Mythos des Ludwig van Beethoven
=260  \\$aHildesheim$bWeidmannsche buchhandlung$c2000
=300  \\$a400
=942  \\$cBOO
=952  \\$00$10$2ddc$40$6BIO_BEET_E$70$8BIO$919313$aORPH$bORPH$cKTS1_P$d2022-06-10$g19.00$oBIO BEET e$p2013242$r2021-01-12 00:00:00$w2021-01-12$yBOO
=999  \\$c19252$d19252

