=LDR  02151aam a2200229   4500
=001  19254
=005  20250305120057.0
=008  120103s1995\\\\\\\\\\\\\\\\\\\\\\0\eng
=020  \\$a9780195094589
=041  \\$aeng
=100  \\$aTaruskin, Richard$d1945-2022$4aut$915907
=245  \\$aText & Act:$bEssays on Music and Performance
=260  \\$aNew York$bOxford University Press$c1995
=300  \\$a382 pages
=520  \\$aOver the last dozen years, the writings of Richard Taruskin have transformed the debate about "early music" and "authenticity." Text and Act collects for the first time the most important of Taruskin's essays and reviews from this period, many of which now classics in the field. Taking a wide-ranging cultural view of the phenomenon, he shows that the movement, far from reviving ancient traditions, in fact represents the only truly modern style of performance being offered today. He goes on to contend that the movement is therefore far more valuable and even authentic than the historical verisimilitude for which it ostensibly strives could ever be. These essays cast fresh light on many aspects of contemporary music-making and music-thinking, mixing lighthearted debunking with impassioned argumentation. Taruskin ranges from theoretical speculation to practical criticism, and covers a repertory spanning from Bach to Stravinsky. Including a newly written introduction, Text and Act collects the very best of one of our most incisive musical thinkers.
=650  \0$aEarly music$1http://www.wikidata.org/entity/Q436016$93160
=650  \0$aHistorically informed performance$1http://www.wikidata.org/entity/Q1344860$920980
=650  \0$aMusic criticism$1http://www.wikidata.org/entity/Q11748889$921598
=942  \\$cBOO
=952  \\$00$10$2ddc$40$6MTP_2_000000000000000_TARU_RESERVE$70$8MTP$919316$aORPH$bORPH$cKM12_1$d2022-09-08$l0$oMTP2 TARU (reserve)$p20131970$r2021-01-12 00:00:00$v17.00$w2021-01-12$yBOO$Vamazon.co.uk
=952  \\$00$10$2ddc$40$6MTP_2_000000000000000_TARU$70$8MTP$919317$aORPH$bORPH$cKM12_1$d2022-01-12$l2$m1$oMTP2 TARU$p20134499$q2023-08-07$r2023-02-10 00:00:00$s2023-02-10$v16.00$w2021-01-12$yBOO
=999  \\$d19254

