=LDR  00751aam a2200193   4500
=001  19256
=005  20250120120024.0
=008  150505s1993\\\\\\\\\\\\\\\\\\\\\\0\ger
=041  \\$ager
=100  \\$aStockhausen, Karlheinz$d1928-2007$4aut$1http://www.wikidata.org/entity/Q37546939$915865
=245  \\$aTexte der Momente$bfür Solosopran, 4 Chorgruppen und 13 Instrumentalist. Europa Version 1972
=246  \1$aTexte (1962-64/69):$bMomente
=250  \\$a1st ed.
=260  \\$aKürten$bStockhausen Verlag$c1993
=300  \\$a32 pages
=490  \\$aStockhausen - Gesamtausgabe / Complete Edition
=942  \\$cBOO
=952  \\$00$10$2ddc$40$6SCO_STOC$70$8SCO$919319$aORPH$bORPH$cKTS1_P$d2021-10-18$oSCO STOC$p20134250$r2021-01-12 00:00:00$w2021-01-12$yBOO
=999  \\$d19256

