=LDR  00537aam a2200157   4500
=001  19257
=005  20250109133050.0
=008  160222s2015\\\\\\\\\\\\\\\\\\\\\\0\se
=020  \\$a9789176234136
=100  \\$aForsell, Jonas$920393
=245  \\$aTexten transfigurationer
=260  \\$aStockholm$bStockholm University of the Arts$c2015
=300  \\$a297 pages$eCD
=942  \\$cDIS
=952  \\$00$10$2ddc$3CD$40$6MTP_5_000000000000000_FORS$70$8MTP$919320$aORPH$bORPH$cKM12_1$d2021-08-31$oMTP5 FORS$p20134082$r2021-01-12 00:00:00$w2021-01-12$yDIS
=999  \\$d19257

