=LDR  02803aam a2200217   4500
=001  19258
=005  20250120120049.0
=008  120312s2012\\\\\\\\\\\\\\\\\\\\\\0\f
=020  \\$a9789058677914
=041  \\$af
=041  \\$ae
=100  \\$aLyotard, Jean-François$d1924-1998$4aut$916628
=245  \\$aTextes dispersés I : esthétique et théorie de l'art / Miscellaneous Texts I: Aesthetics and theory of art
=260  \\$aLeuven$bUniversitaire Pers Leuven$c2012
=300  \\$a264
=520  \\$aCe quatrième volume dans la collection dédiée aux écrits de Jean-François Lyotard sur l'art contemporain et les artistes contient neuf essais sur l'esthétique générale et la théorie de l'art. Ces essais sont publiés en français, la langue originale, avec les traductions en anglais. La plupart de ces textes, préservés à la Bibliothèque Littéraire Jacques Doucet à Paris, sont publiés en ce lieu pour la première fois. Ils ne manifestent pas un « autre » Lyotard que celui que nous connaissons de ses écrits majeurs. Mais ils couvrent l'entière période de sa production, de 1969 à 1997, et rendent le développement de sa philosophie de l'art plus explicite. Après la conception « libidinale » dans ses premiers écrits sur l'art, on constate chez Lyotard vers 1980 le « tournant kantien » qui place sa philosophie de l'art sous l'égide du sublime. Ces essais suggèrent ce que signifient, pour Jean-François Lyotard, la main du peintre tout comme le regard de l'amoureux de la résonance des couleurs.

This fourth volume in the series devoted to Jean-François Lyotard's writings on contemporary art and artists presents nine essays on general aesthetics and the theory of art. They are published in the original French along with English translations on facing pages. Most of these texts, preserved in the Lyotard archives of the Bibliothèque Littéraire Jacques Doucet in Paris, are published here for the first time. They do not reveal ?another Lyotard' than the one whom we know through his major writings. Nevertheless, they cover the whole period of his production, from 1969 to 1997; and they make the development of his philosophy of art explicit. After the ?libidinal' conception of art in his early writings, the ?Kantian twist' of around 1980 places his view on art under the aegis of the sublime. 
These essays specify what, for Jean-François Lyotard, the hand of the painter means, as well as the gaze of the viewer, enamoured with resonant colours.
=546  \\$aF / E
=490  \\$aEcrits sur l'art contemporain et les artistes / Writings on Contemporary Art and Artists$v4
=942  \\$cBOO
=952  \\$00$10$2ddc$40$6PHI_LYOT_A$70$8PHI$919321$aORPH$bORPH$cKM12_3_2$d2021-08-17$g49.00$oPHI LYOT a$p20133846$r2021-01-12 00:00:00$w2021-01-12$yBOO
=999  \\$c19258$d19258

