=LDR  02763aam a2200217   4500
=001  19259
=005  20250120120049.0
=008  120312s2012\\\\\\\\\\\\\\\\\\\\\\0\f
=020  \\$a9789058678867
=041  \\$af
=041  \\$ae
=100  \\$aLyotard, Jean-François$d1924-1998$4aut$916628
=245  \\$aTextes dispersés II : artistes contemporains / Miscellaneous Texts II: Contemporary artists
=260  \\$aLeuven$bUniversitaire Pers Leuven$c2012
=300  \\$a720
=520  \\$aCe second tome du quatrième volume rassemble trente-neuf textes de Lyotard qui concernent vingt-six artistes contemporains importants et novateurs : Luciano Berio, Richard Lindner, René Guiffrey, Gianfranco Baruchello, Henri Maccheroni, Riwan Tromeur, Albert Ayme, Manuel Casimiro, Ruth Francken, Barnett Newman, Jean-Luc Parant, François Lapouge, Sam Francis, André Dubreuil, Joseph Kosuth, Sarah Flohr, Lino Centi, Gigliola Fazzini, Bracha Lichtenberg Ettinger, Henri Martin, Michel Bouvet, Corinne Filippi, Stig Brøgger, François Rouan, Pierre Skira et Béatrice Casadesus. Plusieurs de ces textes sont des contributions à des catalogues dont certains sont inaccessibles ou introuvables. Ce volume est illustré par plus de soixante images, pour la plupart en couleur, d'oeuvres d'art commentées par Lyotard dans ces textes. 
On comprend que Lyotard, au titre d'une esthétique de la présence matérielle, favorise la peinture. L'art de peindre, pour qu'il y ait présence, doit se rendre à ce rien qui vibre entre le vide et le plein, un air, un clinamen, un neutre, une nuance, un timbre.

This second book of the fourth volume in the series brings together thirty-nine essays by Lyotard that deal with twenty-seven influential and innovative contemporary artists: Luciano Berio, Richard Lindner, René Guiffrey, Gianfranco Baruchello, Henri Maccheroni, Riwan Tromeur, Albert Ayme, Manuel Casimiro, Ruth Francken, Barnett Newman, Jean-Luc Parant, François Lapouge, Sam Francis, André Dubreuil, Joseph Kosuth, Sarah Flohr, Lino Centi, Gigliola Fazzini, Bracha Lichtenberg Ettinger, Henri Martin, Michel Bouvet, Corinne Filippi, Stig Brøgger, François Rouan, Pierre Skira, and Béatrice Casadesus. Some of these texts were originally written as contributions to catalogues; others were published in now-inaccessible journals. This volume is illustrated with more than sixty images, mainly in colour, of works of art discussed by Lyotard in these writings.
=546  \\$aF / E
=490  \\$aEcrits sur l'art contemporain et les artistes / Writings on Contemporary Art and Artists$v4II
=942  \\$cBOO
=952  \\$00$10$2ddc$40$6PHI_LYOT_A$70$8PHI$919322$aORPH$bORPH$cKM12_3_2$d2021-08-17$g79.00$oPHI LYOT a$p20133845$r2021-01-12 00:00:00$w2021-01-12$yBOO
=999  \\$c19259$d19259

