=LDR  01653aam a2200229   4500
=001  19260
=005  20250121142132.0
=008  131126r1972MUL\fr\\\\\\\\\\\\\\\\0\fre
=100  \\$aRoussier, Pierre-Joseph$d1716/17-1792$1http://www.wikidata.org/entity/Q61866180$95661
=100  \\$aTrouflaut$920395
=100  \\$aMoucherel, Christophe$920396
=100  \\$ade Cryseul, Géoffrion$920397
=100  \\$aDomenjoud, Jean-Baptiste$920398
=245  \\$aTextes sur les instruments de musique au XVIIIe siècle
=250  \\$a1972
=260  \\$aGenève$bMinkoff Reprint$c1972
=505  \\$aAuthor: Title -- 
Pierre-Joseph Roussier: Mémoire sur le nouveau clavecin chromatique de M. De Labord (1782) -- Pierre-Joseph Roussier: Mémoire sur la nouvelle harpe de M. Cousineau (1782) -- Trouflaut: Lettre sur les clavecins en peau de buffle inventé par M. Pascal (1773) -- Christophe Moucherel: Mémoire instructif pour faire les devis, desseins, plans, marchez et reception des orgues (1734) -- Géoffrion de Cryseul: Moyens de diviser les touches des instruments à cordes, les plus correctement possible, etc. /1780) -- Anonyme: Découverte de l'embouchure de la flute allemande ou traversiere avec les principes pour la bien prendre (1756) -- Jean-Baptiste Domenjoud: De la préférence des vis aux chevilles pour les instruments de musique (1757)
=648  \0$a18th Century (1701-1800)$1http://www.wikidata.org/entity/Q7015$920899
=650  \0$aOrganology$1http://www.wikidata.org/entity/Q899293$921400
=942  \\$cBOO
=952  \\$00$10$2ddc$40$6INS_1A$70$8INS$919323$aORPH$bORPH$cKTS0$d2021-09-28$oIns1a$p20130660$r2021-01-12 00:00:00$w2021-01-12$yBOO
=999  \\$d19260

