=LDR  00901aam a2200205   4500
=001  19263
=005  20250120120052.0
=008  150420s1971\\\\\\\\\\\\\\\\\\\\\\0\ger
=020  \\$a3770104935
=041  \\$ager
=100  \\$aStockhausen, Karlheinz$d1928-2007$4aut$1http://www.wikidata.org/entity/Q37546939$915865
=245  \\$aTexte zur Musik 1963-1970: Einführung und Projekte, Kurse-Sendungen-Standpunkte, Nebennoten
=260  \\$aKöln$bDuMont buchverlag$c1971
=300  \\$a397 pages
=490  \\$aTexte zur Musik$vBand 3
=700  \\$4edt$aSchnebel, Dieter$d1930-2018$1http://www.wikidata.org/entity/Q264475$916780
=942  \\$cBOO
=952  \\$00$10$2ddc$40$6TRE_STOC$70$8TRE$919326$aORPH$bORPH$cKTS1_H$d2022-03-21$g25.00$l1$oTRE STOC$p20134789$q2022-09-15$r2022-03-21 00:00:00$s2022-03-21$w2021-01-12$yBOO
=999  \\$c19263$d19263
=650  \0$aMusic criticism$1http://www.wikidata.org/entity/Q11748889$921598

