=LDR  00614aam a2200169   4500
=001  19278
=005  20230203090245.0
=008  190906s1996\\\\\\\\\\\\\\\\\\\\\\0\eng
=041  \\$aeng
=100  \\$aKing, Jonathan,$d-1971$4aut$914973
=245  \\$aTexting in early fifteenth-century sacred polyphony
=260  \\$aOxford$c1996
=300  \\$a287 pages
=520  \\$aThesis submitted for the degree of D. Phil. , Wadham College, Oxford, 1996
=942  \\$cDIS
=952  \\$00$10$2ddc$40$6MTP_5_000000000000000_KING$70$8MTP$919341$aORPH$bORPH$cKM12_1$d2021-08-31$oMTP5 KING$p20131359$r2021-01-12 00:00:00$w2021-01-12$yDIS
=999  \\$d19278

