=LDR  02237aam a2200301   4500
=001  19281
=005  20250121142132.0
=008  170306s1967\\\\\\\\\\\\\\\\\\\\\\0beng\d
=020  \\$a9780691027173
=041  \\$aeng
=100  \\$4aut$aThayer, Alexander W.$920404
=245  \\$aThayer's Life of Beethoven
=250  \\$a4th ed.
=260  \\$aPrinceton, NJ$bPrinceton University Press$c1967
=300  \\$a2 vols. (605+1141 pages)
=520  \\$aAlexander Wheelock Thayer's Life of Beethoven. has long been recognized as the classic biography of Beethoven. "Thayer, with his calm and logical mind, scrupulous, magnanimous and spacious...had set out to describe for posterity the great man as he was and lived...and his patient realism and all but inexhaustible industry had created an irreplaceable and masterly portrait." So Van Wyck Brooks described this monumental work of the 1880's.

Thayer talked with Beethoven's surviving friends, gathered anecdotes, and sifted hundreds of documents. The resulting wealth of detail stimulated other students, and a mass of Beethoven scholarship appeared. Now Elliot Forbes, one of the foremost Beethoven scholars of our time, has used this new material to bring the Life up to elate without sacrificing Thayer's text.
=600  \0$aBeethoven, Ludwig van$d1770-1827$1http://www.wikidata.org/entity/Q255$95335
=648  \0$a18th Century (1701-1800)$1http://www.wikidata.org/entity/Q7015$920899
=648  \0$a19th Century (1801-1900)$1http://www.wikidata.org/entity/Q6955$920935
=650  \0$aComposer$1http://www.wikidata.org/entity/Q36834$93625
=650  \0$aPianist$1http://www.wikidata.org/entity/Q486748$92959
=650  \0$aBiography$1http://www.wikidata.org/entity/Q36279$91927
=651  \0$aVienna (Austria)$1http://www.wikidata.org/entity/Q1741$920937
=700  \\$4edt$aForbes, Elliot$920403
=942  \\$cBOO
=952  \\$00$10$2ddc$3vol. 1$40$6BIO_BEET_D$70$8BIO$919344$aORPH$bORPH$cKTS1_P$d2022-09-24$l1$m4$oBIO BEET d$p20116670$q2022-03-16$r2021-03-10 00:00:00$s2021-03-10$w2021-01-12$yBOO
=952  \\$00$10$2ddc$3vol. 2$40$6BIO_BEET_D$70$8BIO$919346$aORPH$bORPH$cKTS1_P$d2022-09-24$l1$m4$oBIO BEET d$p20116671$q2022-03-16$r2021-03-10 00:00:00$s2021-03-10$w2021-01-12$yBOO
=999  \\$d19281

