=LDR  00690aam a2200145   4500
=001  19288
=005  20250120120040.0
=008  120312s1975\\\\\\\\\\\\\\\\\\\\\\0\d
=041  \\$ad
=100  \\$aKagel, Mauricio$d1931-2008$4aut$1http://www.wikidata.org/entity/Q178293$916378
=245  \\$aTheatrum instrumentorum: Instrumente, experimentelle Klangerzeuger, akustische Requisiten, stumme Objekte aus "Acustica" (1968/70) "Staatstheater" (1967/70) "Zwei-Mann-Orchester" (1971/73)
=260  \\$aKöln$bKölnischer Kunstverein$c1975
=942  \\$cBOO
=952  \\$00$10$2ddc$40$6BIO_KAGE_A$70$8BIO$919351$aORPH$bORPH$cKTS1_P$d2021-10-19$oBIO KAGE a$p20130106$r2021-01-12 00:00:00$w2021-01-12$yBOO
=999  \\$c19288$d19288

