=LDR  01202aam a2200181   4500
=001  19289
=005  20250120120128.0
=008  131210s2006\\\\\\\\\\\\\\\\\\\\\\0\e
=020  \\$a9781107683556
=041  \\$aeng
=100  \\$aGoody, Jack$4aut$918101
=245  \\$aThe theft of history
=260  \\$aCambridge$bCambridge University Press$c2006
=300  \\$a342
=520  \\$aIn The Theft of History Jack Goody builds on his own previous work to extend further his highly influential critique of what he sees as the pervasive Eurocentric or occidentalist biases of so much western historical writing, and the consequent 'theft' by the West of the achievements of other cultures in the invention of (notably) democracy, capitalism, individualism and love. Goody, one of the world's most distinguished anthropologists, raises questions about theorists, historians and methodology, and proposes a new comparative approach to cross-cultural analysis which allows for more scope in examining history than an East versus West style.
=942  \\$cBOO
=952  \\$00$10$2ddc$40$6PHI_GOOD_A$70$8PHI$919352$aORPH$bORPH$cKM12_3_2$d2021-08-11$g15.35$oPHI GOOD a$p20133695$r2021-01-12 00:00:00$w2021-01-12$yBOO
=999  \\$c19289$d19289

