=LDR  00944aam a2200217   4500
=001  19293
=005  20251003085500.0
=008  170120s1974\\\\\\\\\\\\\\\\\\\\\\0\ger
=020  \\$a9630500809
=041  \\$ager
=100  \\$4aut$aDille, Denijs$d1904-2005$1http://www.wikidata.org/entity/Q2428060$916252
=245  \\$aThematisches Verzeichnis der Jugendwerke Béla Bartoks, 1890-1904
=260  \\$aBudapest$bAkadémiai Kiado$c1974
=300  \\$a295 pages
=600  \0$aBartók, Béla$d1881-1945$1http://www.wikidata.org/entity/Q83326$916182
=648  \0$a20th Century (1901-2000)$1http://www.wikidata.org/entity/Q6927$920936
=650  \0$aComposer$1http://www.wikidata.org/entity/Q36834$93625
=650  \0$aCatalogue$1http://www.wikidata.org/entity/Q2352616$921484
=942  \\$cBOO
=952  \\$00$10$2ddc$40$6BIO_BART_C$70$8BIO$919356$aORPH$bORPH$cKTS1_P$d2021-10-19$g20.00$oBIO BART c$p20129725$r2021-01-12 00:00:00$w2021-01-12$yBOO
=999  \\$c19293$d19293

