=LDR  00628aam a2200169   4500
=001  19297
=005  20250109133051.0
=008  120222s1996\\\\\\\\\\\\\\\\\\\\\\0\d
=020  \\$a978-3495478103
=041  \\$ager
=100  \\$aAsiain, Martin$4aut$920418
=245  \\$aTheodor W. Adorno, Dialektik des Aporetischen: Untersuchungen zur Rolle der Kunst in der Philosophie Theodor W. Adornos
=260  \\$aFreiburg$bAlber$c1996
=300  \\$a332
=942  \\$cBOO
=952  \\$00$10$2ddc$40$6PHI_ADOR_B_ASIA$70$8PHI$919360$aORPH$bORPH$cKM12_3_2$d2021-08-05$g2725.00$oPHI ADOR b ASIA$p20133067$r2021-01-12 00:00:00$w2021-01-12$yBOO
=999  \\$c19297$d19297

