=LDR  00488aam a2200157   4500
=001  19302
=005  20230123111144.0
=008  170216s1963\\\\\\\\\\\\\\\\\\\\\\0\d
=041  \\$ager
=100  \\$aHartmann, Peter$4aut$920421
=245  \\$aTheorie der Grammatik
=260  \\$aThe Hague$bMouton & Co$c1963
=300  \\$a539
=942  \\$cBOO
=952  \\$00$10$2ddc$40$6PHI_HART_A$70$8PHI$919365$aORPH$bORPH$cKM12_3_2$d2021-07-30$oPHI HART a$p20132798$r2021-01-12 00:00:00$w2021-01-12$yBOO
=999  \\$c19302$d19302

