=LDR  04720aam a2200253   4500
=001  19306
=005  20250925143305.0
=008  131114s2013\\\\\\\\\\\\\\\\\\\\\\0\fre
=020  \\$a9782914373616
=041  \\$afre
=100  \\$4aut$aDonin, Nicolas$915886
=245  \\$aThéories de la composition musicale au XXe siècle
=260  \\$aLyon$bSymétrie$c2013
=300  \\$a2 vols., 1827 pages
=490  \\$aCollection symétrie recherche$v20-21
=520  \\$aLe xxe siècle musical na eu de cesse de renouveler les langages, les techniques décriture et les outils technologiques, mais aussi den observer les principes, voire den prescrire les règles. Comme Baudelaire lavait annoncé, avec la modernité naît lexigence de lartiste raisonnant son art et découvrant les lois en vertu desquelles il crée.

Nourris dexpériences littéraires ou plastiques, de concepts philosophiques et des avancées de la science (mathématique, physique, acoustique&), les compositeurs du siècle dernier nous ont ainsi légué nombre darticles, dentretiens, de lettres, de manifestes, de livres, de documents divers et de recherches parfois inédites, mais transmises par une tradition orale ou leur propre pédagogie. Ils y traitent de la musique, de ses fondements, ainsi que de leurs Suvres déjà écrites ou encore en devenir, pour en dévoiler les arcanes ou accompagner leur projet.

Beaucoup de ces théories, individuelles ou collectives, explicites ou plus secrètes, ont été commentées par la musicologie, mais il nen existait à ce jour aucun panorama synthétique destiné au mélomane, à létudiant ou au musicien. Théories de la composition musicale au xxe siècle entend combler cette lacune et montrer la vigueur de ces théories, de Schoenberg aux contemporains en passant par le minimalisme. Rédigé par les meilleurs spécialistes, ravivant sans cesse les équilibres entre idées, faits historiques et analyses de partitions, il présente plus dune soixantaine de chapitres de référence introduisant à des corpus décrits de compositeurs ou à des notions plus transversales, qui ont architecturé la musique occidentale tout au long du siècle passé.


Nicolas Donin est musicologue à l'Ircam, où il a fondé et anime l'équipe de recherche Analyse des pratiques musicales, au sein du laboratoire Sciences et technologies de la musique et du son (Ircam-C.N.R.S.-U.P.M.C.). Ses travaux traitent des oeuvres, pratiques et esthétiques musicales savantes selon une double approche : histoire de la musique contemporaine depuis la fin du XIXe siècle et musicologie empirique en collaboration avec des compositeurs, interprètes, auditeurs d'aujourd'hui. Dans le cadre de ce programme de recherche, il a réalisé des études sur les débuts de l'analyse musicale en France, sur l'esthétique de Schoenberg, ou encore sur les processus créateurs de différents musiciens contemporains. Il a également contribué au développement d'une technologie informatique pour la musicologie (outils de publication multimédia et d'aide à l'analyse). Il a coédité avec Rémy Campos L'Analyse musicale, une pratique et son histoire et a coordonné plusieurs numéros thématiques de revues telles que Circuit, Contemporary Music Review... Boursier Lavoisier du ministère des Affaires étrangères, Laurent Feneyrou est successivement conseiller pédagogique à l'Ircam, conseiller musical auprès de la direction de France Culture et directeur adjoint de l'Institut d'esthétique des arts contemporains (C.N.R.S. Université de Paris I, U.M.R. 8592). Il est actuellement membre de l'équipe Analyse des pratiques musicales (Ircam C.N.R.S.-U.P.M.C.) et codirige avec Frédéric Durieux le séminaire « Composition et musicologie contemporaines » au CNSM de Paris. Éditeur des écrits de Jean Barraqué, de Giacomo Manzoni et de Luigi Nono, il a dirigé plusieurs ouvrages collectifs : Musique et Dramaturgie, esthétique de la représentation au XXe siècle, Résistances et utopies sonores, musique et politique au XXe siècle et À Bruno Maderna.
=648  \0$a20th Century (1901-2000)$1http://www.wikidata.org/entity/Q6927$920936
=650  \0$aMusic theory$1http://www.wikidata.org/entity/Q193544$92662
=650  \0$aComposing$1http://www.wikidata.org/entity/Q92186587$93076
=700  \\$4aut$aFeneyrou, Laurent$918384
=942  \\$cBOO
=952  \\$00$10$2ddc$3vol. 1$40$6MTP_2_000000000000000_DONI$70$8MTP$919369$aORPH$bORPH$cKM12_1$d2022-08-08$g299.00$l0$oMTP2 DONI$p20135527$r2021-01-12 00:00:00$w2021-01-12$yBOO
=952  \\$00$10$2ddc$3vol. 2$40$6MTP_2_000000000000000_DONI$70$8MTP$919370$aORPH$bORPH$cKM12_1$d2022-08-08$g299.00$l0$oMTP2 DONI$p20135528$r2021-01-12 00:00:00$w2021-01-12$yBOO
=999  \\$d19306

