=LDR  00593aam a2200169   4500
=001  19308
=005  20251009081722.0
=008  140428s1979\\\\\\\\\\\\\\\\\\\\\\0\f
=020  \\$a2020060930
=041  \\$afre
=100  \\$4edt$aPiatelli-Palmarini, Massimo$920425
=245  \\$aThéories du langage - théories de l'apprentissage - le débat entre Jean Piaget et Noam Chomsky
=260  \\$aParis$bSeuil$c1979
=300  \\$a533
=942  \\$cBOO
=952  \\$00$10$2ddc$40$6PHI_PIAG_A$70$8PHI$919371$aORPH$bORPH$cKM12_3_2$d2021-08-17$oPHI PIAG a$p20133883$r2021-01-12 00:00:00$w2021-01-12$yBOO
=999  \\$c19308$d19308

