=LDR  00762aam a2200169   4500
=001  19312
=005  20230123111145.0
=008  191008r19841975\\\\\\\\\\\\\\\\\\0\eng
=041  \\$aeng
=100  \\$aBonge, Dale Jay$4aut$920427
=245  \\$aThe theory and practice of measure in medieval polyphony to the ars nova
=260  \\$aMichigan$bUniversity microfilms international$c1984 (1975)
=300  \\$a167 pages
=520  \\$aA Dissertation submitted for the fulfillment of the requirements for the degree of Dostor in the Philosophy (Music: Musicology) in The University of Michigan 1975
=942  \\$cDIS
=952  \\$00$10$2ddc$40$6MTP_5_000000000000000_BONG$70$8MTP$919375$aORPH$bORPH$cKM12_1$d2021-08-30$oMTP5 BONG$p20131342$r2021-01-12 00:00:00$w2021-01-12$yDIS
=999  \\$d19312

