=LDR  01761aam a2200217   4500
=001  19320
=005  20250120120009.0
=008  190509s1984\\\\\\\\\\\\\\\\\\\\\\0\e
=020  \\$a0049200739
=041  \\$aeng
=100  \\$4Author$aRussell, Bertrand$d1872-1970$1http://www.wikidata.org/entity/Q33760$915730
=100  \\$4Editor$aEames, Elisabeth Ramsden$920433
=100  \\$4Editor$aBlackwell, Kenneth$920434
=245  \\$aTheory of knowledge: the 1913 manuscript
=260  \\$aLondon$bGeorge Allen & Unwin$c1984
=300  \\$a258
=520  \\$aThis important work was abandoned by Russell under the impact of Wittgenstein's ideas. It was first published in 1984 and is presented here for the first time in a handy student edition. In this work Russell attempts to flesh out the sketch implicit in The Problems of Philosophy . It was conceived by Russell as his next major project after Principia Mathematica and was meant to provide the epistemological foundations for his work. Russell's subsequent difficulties in presenting his theory of knowledge, brought on by what he considered to be the devastating criticisms of Wittgenstein, led both to his abandonment of this work and to a major transformation in his thought. Theory of Knowledge gives us a picture of one of the great minds of the twentieth century at work. It is possible to see the unsolved problems left without disguise or evasion. Historically, it is invaluable to our understanding of both Russell's own thought and his relationship with Wittgenstein.
=490  \\$aThe collected papers of Bertrand Russell$vVolume 7
=942  \\$cBOO
=952  \\$00$10$2ddc$40$6PHI_RUSS_A$70$8PHI$919383$aORPH$bORPH$cKM12_3_2$d2021-08-09$oPHI RUSS a$p20133358$r2021-01-12 00:00:00$w2021-01-12$yBOO
=999  \\$c19320$d19320

