=LDR  01606aam a2200181   4500
=001  19323
=005  20230123111146.0
=008  140710s2009\\\\\\\\\\\\\\\\\\\\\\0\eng
=020  \\$a9781576757635
=041  \\$aeng
=100  \\$aScharmer, C. Otto$4aut$920435
=245  \\$aTheory U: Leading from the future as it emerges
=260  \\$aSan Francisco$bBerrett-Koehler Publishers$c2009
=300  \\$a530  pages
=520  \\$aIn this ground-breaking book, C. Otto Scharmer invites us to see the world in new ways.
What we pay attention to, and how we pay attention is the key to what we create. What often prevents us from 'being present, ' is what Scharmer calls our blind spot, the inner place from which each of us operates. Becoming aware of our blind spot is critical to bringing forth the profound systemic changes so needed in business and society today.

First introduced in Presence, the U methodology of leading profound change is expanded and deepened in Theory U. By moving through the ""U"" process we learn to connect to our essential Self in the realm of 'presencing' - a term coined by Scharmer. When 'presencing' we are able to see our own blind spot and pay attention in a way that allows us to experience the opening of our minds, our hearts, and our wills. Through this process we are able to shift our awareness to allow us to connect with our best future possibility--and to realize it.
=942  \\$cBOO
=952  \\$00$10$2ddc$40$6REF_2_000000000000000_SCHA$70$8REF$919386$aORPH$bORPH$cKM12_1$d2021-08-24$l2$oREF2 SCHA$p20131192$q2025-06-05$r2025-06-03 12:19:29$s2025-06-03$w2021-01-12$yBOO
=999  \\$d19323

