=LDR  02734aam a2200241   4500
=001  19324
=005  20251003085500.0
=008  170921s1995\\\\\\\\\\\\\\\\\\\\\\0\eng
=041  \\$aeng
=100  \\$4aut$aMathiesen, Thomas J.$1http://www.wikidata.org/entity/Q111743887$914721
=245  \\$aThesaurus musicarum latinarum:$bCanon of Data Files
=250  \\$a6th ed.
=260  \\$aBloomington, IN$bThesaurus musicarum latinarum$c1995
=300  \\$a229 pages
=520  \\$aThe "Thesaurus Musicarum Latinarum" is a full-text database of music theory written in Latin, extending from Augustine's De musica through treatises of the sixteenth century. This new edition of the "Thesaurus Musicarum Latinarum: Canon of Data Files" includes full instructions on the various ways in which users can access the database, as well as the "Principles of Orthography" and "Table of Codes for Noteshapes, Rests, Ligatures, Mensuration Signs, Clefs, and Miscellaneous Figures", both of which provide essential explanations of the special ways in which the texts have been encoded to facilitate searching and maximize use within various computer environments. Also included is a table of contents for the major series of texts found in the tml. The "Canon" provides for each separate edition a bibliographic record of the name of the author; title of the treatise; incipit; source of the text; the names of the individuals responsible for entering, checking, and approving the data; the name and location of the data file as it appears within the tml; the size of the file; and annotations identifying accompanying graphics and various other types of pertinent data. The "Canon" is followed by a full alphabetical index of incipits, keyed to both the "Canon" itself through author and title and to the database through the name of the data file as it appears within the tml. Thomas J. Mathiesen is David H. Jacobs Distinguished Professor of Music at Indiana University and the director of the Center for the History of Music Theory and Literature. He is the author of "Ancient and Greek Music Theory: A Catalog Raisonne of Manuscripts" and the general editor of the "Greek and Latin Music Theory"
=648  \0$aMiddle Ages (500-1400)$1http://www.wikidata.org/entity/Q12554$920964
=648  \0$aRenaissance (1400-1600)$1http://www.wikidata.org/entity/Q4692$920965
=650  \0$aMusic theory$1http://www.wikidata.org/entity/Q193544$92662
=650  \0$aCatalogue$1http://www.wikidata.org/entity/Q2352616$921484
=650  \0$aLatin$1http://www.wikidata.org/entity/Q397$93992
=942  \\$cBOO
=952  \\$00$10$2ddc$40$6BIB_3_000000000000000_MATH$70$8BIB$919387$aORPH$bORPH$cKTS0$d2022-01-05$oBIB3 MATH$p20126001$r2021-01-12 00:00:00$w2021-01-12$yBOO
=999  \\$d19324

