=LDR  02701aam a2200253   4500
=001  19326
=005  20251001162234.0
=008  130318s2008\\\\\\\\\\\\\\\\\\\\\\0\eng
=020  \\$a9781890951443
=041  \\$aeng
=100  \\$4edt$aDaston, Lorraine$919326
=245  \\$aThings That Talk: Object Lessons from Art and Science
=260  \\$aNew York$bZone Books$c2008
=300  \\$a447 pages
=520  \\$aImagine a world without things. There would be nothing to describe, nothing to explain, remark, interpret, or complain about. Without things, we would stop speaking; we would become as mute as things are alleged to be. In nine original essays, internationally renowned historians of art and of science seek to understand how objects become charged with significance without losing their gritty materiality. True to the particularity of things, each of the essays singles out one object for close attention: a Bosch drawing, the freestanding column, a Prussian island, soap bubbles, early photographs, glass flowers, Rorschach blots, newspaper clippings, paintings by Jackson Pollock. Each is revealed to be a node around which meanings accrete thickly. But not just any meanings: what these things are made of and how they are made shape what they can mean. Neither the pure texts of semiotics nor the brute objects of positivism, these things are saturated with cultural significance. Things become talkative when they fuse matter and meaning; they lapse into speechlessness when their matter and meanings no longer mesh.

Each of the nine objects examined in this book had its historical moment, when the match of this thing to that thought seemed irresistible. At these junctures, certain things become objects of fascination, association, and endless consideration; they begin to talk. Things that talk fleetingly realize the dream of a perfect language, in which words and world merge.

Contributors:
Lorraine Daston, Peter Galison, Anke te Heesen, Caroline A. Jones, Joseph Leo Koerner, Antoine Picon, Simon Schaffer, Joel Snyder, and M. Norton and Elaine M. Wise
=650  \0$aPhilosophy$1http://www.wikidata.org/entity/Q5891$92357
=650  \0$aScience$1http://www.wikidata.org/entity/Q7991$921650
=650  \0$aAesthetics$1http://www.wikidata.org/entity/Q35986$921494
=650  \0$aFine art$1http://www.wikidata.org/entity/Q219625$921579
=650  \0$aCultural history$1http://www.wikidata.org/entity/Q858517$922395
=650  \0$aMaterial culture$1http://www.wikidata.org/entity/Q2143054$921735
=942  \\$cBOO
=952  \\$00$10$2ddc$40$6AES_DAST$70$8AES$919389$aORPH$bORPH$cKM12_1$d2014-03-15$g15.00$l1$m1$oAES DAST$p20132251$r2021-06-22 00:00:00$s2021-03-10$w2021-01-12$yBOO
=999  \\$d19326

