=LDR  02444aam a2200241   4500
=001  19329
=005  20250120120609.0
=008  140821s2008\\\\\\\\\\\\\\\\\\\\\\0beng\d
=020  \\$a9780802097958
=041  \\$aeng
=245  \\$aThinking Impossibillities:$bThe Intellectual Legacy of Amos Funkenstein
=260  \\$aToronto$bUniversity of Toronto$c2008
=300  \\$a365 pages
=520  \\$aIntellectuals rarely make a significant impact on one field of scholarship let alone several, yet Amos Funkenstein (1937-1995) displayed an intellectual range that encompassed several disciplines and broke new ground across seemingly impenetrable scholarly boundaries. The philosophy of history from antiquity to modernity, medieval and early modern history of science, medieval scholasticism, Jewish history in all of its periods - these are all areas in which he made lasting contributions. Thinking Impossibilities brings together Funkenstein's colleagues, friends, and former students to engage with important aspects of his intellectual legacy.

Funkenstein's diverse interests were bound together by common figures of thought, especially the search for pre-modern intellectual groundings of modern ideas and how the seeming 'impossibilities' of one historical moment might become positive resources of conceptual construction and development in another. The essays in this volume take up major themes in European intellectual history, and examine them through the unique lens that Funkenstein himself employed during his career. Of particular interest are ways in which topics of Jewish history are engaged with the larger field of the history of ideas in the West. Richly interdisciplinary and full of fresh insights, Thinking Impossibilities is a fitting tribute to an important twentieth-century scholar.
=600  \0$aFunkenstein, Amos$d1937-1995$1http://www.wikidata.org/entity/Q12410370$924525
=650  \0$aHistory$1http://www.wikidata.org/entity/Q309$921403
=650  \0$aPhilosophy$1http://www.wikidata.org/entity/Q5891$92357
=650  \0$aJudaism$93437
=700  \\$4edt$aWestman, Robert S.$1http://www.wikidata.org/entity/Q111206752$920439
=700  \\$4edt$aBiale, David$d1949-2024$1http://www.wikidata.org/entity/Q55949424$920438
=942  \\$cBOO
=952  \\$00$10$2ddc$40$6PHI_FUNK_B_WEST$70$8PHI$919392$aORPH$bORPH$cKM12_3_2$d2014-08-18$l1$oPHI FUNK b WEST$p20139112$r2022-06-08 00:00:00$s2021-03-12$v51.76$w2014-08-18$yBOO
=999  \\$d19329

