=LDR  00783aam a2200169   4500
=001  19332
=005  20230123111147.0
=008  140526s2013\\\\\\\\\\\\\\\\\\\\\\0\eng
=041  \\$aeng
=100  \\$aTitre, Marlon$4aut$920442
=245  \\$aThinking through the guitar: The sound-cell-texture chain
=260  \\$aLeiden$bUniversiteit Leiden$c2013
=300  \\$a373 pages
=520  \\$aProefschrift ter verkrijging van de graad van Doctor aan de Universiteit Leiden op gezag van de Rector Magnificus prof. mr. C.J.J.M. Stolker, volgens besluit van het College voor promoties te verdedigen op 10 december 2013.


=942  \\$cBOO
=952  \\$00$10$2ddc$40$6MTP_5_000000000000000_TITR$70$8MTP$919395$aORPH$bORPH$cKM12_1$d2021-08-31$oMTP5 TITR$p20131392$r2021-01-12 00:00:00$w2021-01-12$yDIS
=999  \\$d19332

