=LDR  01835aam a2200217   4500
=001  19340
=003  OI
=005  20250120120026.0
=008  120529s2004\\\\\\\\\\\\\\\\\\\\\\0\e
=020  \\$a9780826476944
=041  \\$aeng
=100  \\$aDeleuze, Gilles$d1925-1995$4aut$1http://www.wikidata.org/entity/Q184226$915927
=245  \\$aA Thousand Plateaus: Capitalism and Schizophrenia
=260  \\$aLondon$bContinuum$c2004
=300  \\$a688
=520  \\$aA rare and remarkable book. Times Literary Supplement Gilles Deleuze (1925-1995) was Professor of Philosophy at the University of Paris VIII. He is a key figure in poststructuralism, and one of the most influential philosophers of the twentieth century. Félix Guattari (1930-1992) was a psychoanalyst at the la Borde Clinic, as well as being a major social theorist and radical activist. A Thousand Plateaus is part of Deleuze and Guattaris landmark philosophical project, Capitalism and Schizophrenia  a project that still sets the terms of contemporary philosophical debate. A Thousand Plateaus provides a compelling analysis of social phenomena and offers fresh alternatives for thinking about philosophy and culture. Its radical perspective provides a toolbox for nomadic thought and has had a galvanizing influence on todays anti-capitalist movement. Translated by Brian Massumi>
--This text refers to an out of print or unavailable edition of this title.
=700  \\$aGuattari, Félix$d1930-1992$1http://www.wikidata.org/entity/Q352465$915915
=942  \\$cBOO$2ddc
=952  \\$00$10$2ddc$40$6PHI_DELE_A$70$8PHI$919403$aORPH$bORPH$cKM12_3_2$l0$oPHI DELE a$p20136018$r2021-01-12 00:00:00$w2021-01-12$yBOO
=952  \\$00$10$2ddc$40$70$8PHI$919404$aORPH$bORPH$cKM12_3_2$d2021-12-22$g13.62$l1$m4$p20113461$q2021-09-04$r2021-03-10 00:00:00$s2021-03-10$w2021-01-12$yBOO
=999  \\$c19340$d19340

