=LDR  01537aam a2200181   4500
=001  19343
=005  20250109133051.0
=008  120312s2009\\\\\\\\\\\\\\\\\\\\\\0\e
=020  \\$a9780521732307
=041  \\$aeng
=100  \\$aKagan, Jerome$4aut$920447
=245  \\$aThe three cultures: Natural sciences, social sciences, and the humanities in the 21st century
=260  \\$aCambridge$bCambridge University Press$c2009
=300  \\$a311
=520  \\$aIn 1959 C. P. Snow delivered his now-famous Rede Lecture, 'The Two Cultures,' a reflection on the academy based on the premise that intellectual life was divided into two cultures: the arts and humanities on one side and science on the other. Since then, a third culture, generally termed 'social science' and comprised of fields such as sociology, political science, economics, and psychology, has emerged. Jerome Kagan's book describes the assumptions, vocabulary, and contributions of each of these cultures and argues that the meanings of many of the concepts used by each culture are unique to it and do not apply to the others because the source of evidence for the term is special. The text summarizes the contributions of the social sciences and humanities to our understanding of human nature and questions the popular belief that biological processes are the main determinant of variation in human behavior.
=942  \\$cBOO
=952  \\$00$10$2ddc$40$6PHI_KAGA_A$70$8PHI$919407$aORPH$bORPH$cKM12_3_2$d2021-08-11$oPHI KAGA a$p20133759$r2021-01-12 00:00:00$w2021-01-12$yBOO
=999  \\$c19343$d19343

