=LDR  01413aam a2200193   4500
=001  19346
=005  20251001162314.0
=008  120523s2008\\\\\\\\\\\\\\\\\\\\\\0\eng\d
=020  \\$a9780754664826
=041  \\$aeng
=100  \\$aCobussen, Marcel$d-1962$4aut$916377
=245  \\$aThresholds:$bRethinking Spirituality Through Music
=260  \\$aAldershot$bAshgate$c2008
=300  \\$a171 pages
=520  \\$aIn Thresholds, Marcel Cobussen rethinks the relationship between music and spirituality. The book presents an idea of spirituality in and through music that counters strategies of exclusion and mastering of alterity and connects it to wandering, erring, and roving. Cobussen regards spirituality as a (non)concept that escapes categorization, classification, and linguistic descriptions. Spirituality is a-topological, non-discursive and a manifestation of 'otherness'. And it is precisely music (or better: listening to music) that induces these thoughts. By carefully encountering, analysing, and evaluating certain examples from classical, jazz, pop and world music it is possible to detach spirituality from concepts of otherworldliness and transcendentalism.
=650  \0$aMusic philosophy and aesthetics$1http://www.wikidata.org/entity/Q2092865$921165
=942  \\$cBOO
=952  \\$00$10$2ddc$40$70$8COLL_UNK$919410$aORPH$bORPH$cLOC_UNK$d2022-09-06$l0$p20139437$r2021-01-12 00:00:00$w2021-01-12$yBOO
=999  \\$d19346

