=LDR  01862aam a2200181   4500
=001  19349
=005  20250120120044.0
=008  160822s1991\\\\\\\\\\\\\\\\\\\\\\0\f
=020  \\$a9782876860797
=041  \\$afre
=100  \\$aSerres, Michel$d1930-2019$4aut$1http://www.wikidata.org/entity/Q364456$916516
=245  \\$aLe Tiers-instruit
=260  \\$aParis$bFrançois Bourin$c1991
=300  \\$a249
=520  \\$aEtrange et original, déjà mélangé des gènes de son père et de sa mère, en tiers entre eux, tout enfant n'évolue que par nouveaux croisements, toute pédagogie reprend l'engendrement et la naissance d'un enfant : né gaucher, il apprend à se servir de la main droite, demeure gaucher, renaît droitier, au confluent des deux sens ; né gascon, il le reste et devient français, en fait métissé ; français, il se fait espagnol, italien, anglais, ou allemand, s'il épouse et apprend leur culture et leur langue, en gardant les siennes propres, le voici quarteron, âme et corps mêlés.
Son esprit ressemble au manteau d'Arlequin. Cela vaut pour instruire autant que pour élever les corps. Le métis, ici, s'appelle Tiers-Instruit. Scientifique, plutôt, par nature, il entre dans la culture parce que la science épouse aujourd'hui les questions, par elle seule imprévisible, de la douleur et du mal. Il suffit d'apprendre deux choses : la raison exacte et les maux injustes ; la liberté d'invention, donc de pensée, s'ensuit.
Cela vaut enfin pour la conduite et la sagesse, pour l'éducation. Elle consiste et demande à épouser l'altérité la plus étrangère, à renaître donc métis. Aime l'autre qui engendre en toi une troisième personne, l'esprit.

=942  \\$cBOO
=952  \\$00$10$2ddc$40$6PHI_SERR_A$70$8PHI$919413$aORPH$bORPH$cKM12_3_2$d2021-08-18$g0.00$oPHI SERR a$p20133949$r2021-01-12 00:00:00$w2021-01-12$yBOO
=999  \\$c19349$d19349

