=LDR  00984aam a2200217   4500
=001  19350
=005  20250120120345.0
=008  170216s1953\\\\\\\\\\\\\\\\\\\\\\0\dut
=041  \\$adut
=100  \\$aPeursen, C. A. van$4aut$920448
=245  \\$aDe tijd bij Augustinus en Husserl
=260  \\$aGroningen$aDjakarta$bWolters$c1953
=300  \\$a20 pages
=520  \\$aRede 
Uitgesproken bij de aanvaarding van het ambt van hoogleraar aan de rijksuniversiteit te Groningen op zaterdag 7 october 1953.
=600  \0$aAugustine of Hippo$d354-430$1http://www.wikidata.org/entity/Q8018$95891
=600  \0$aHusserl, Edmund$d1859-1938$1http://www.wikidata.org/entity/Q58586$916437
=650  \0$aTobacco$1http://www.wikidata.org/entity/Q1566$921475
=650  \0$aPhilosophy$1http://www.wikidata.org/entity/Q5891$92357
=942  \\$cDIS
=952  \\$00$10$2ddc$40$6PHI_AUGU_B_PEUR$70$8PHI$919414$aORPH$bORPH$cKM12_3_2$d2021-08-09$oPHI AUGU b PEUR$p20133392$r2021-01-12 00:00:00$w2021-01-12$yDIS
=999  \\$d19350

