=LDR  00627aam a2200145   4500
=001  19351
=005  20230123111148.0
=008  120209s1989\\\\\\\\\\\\\\\\\\\\\\0\dut
=100  \\$4edt$aVeringmeier, Linda$920449
=245  \\$aTijd Schrift. Tijd tempo timing en het bestuur.$bUitgave in het kader van de viering 175 jaar ministerie van Binnenlandse Zaken, Rotterdam 1989.
=260  \\$aGravenhage$bKoninklijke drukkerij De Swart$c1989
=300  \\$a74 pages
=942  \\$cBOO
=952  \\$00$10$2ddc$40$6MTP_1_000000000000000_VERI$70$8MTP$919415$aORPH$bORPH$cKM12_1$d2021-08-30$oMTP1 VERI$p20134313$r2021-01-12 00:00:00$w2021-01-12$yBOO
=999  \\$d19351

