=LDR  02015aam a2200229   4500
=001  19352
=005  20250120120024.0
=008  140220s2010\\\\\\\\\\\\\\\\\\\\\\0\eng\d
=020  \\$a9781441189653
=041  \\$aeng
=100  \\$aSmall, Robin$4aut$920450
=245  \\$aTime and becoming in Nietzsche's thought
=260  \\$aLondon$bContinuum$c2010
=300  \\$a202 pages
=490  \\$aContinuum Studies in Continental Philosophy
=520  \\$aPuzzles about time - about past, present and future, and the nature of becoming - have concerned philosophers from the ancient Greeks to the present day. Yet few have been as radical in their thinking as Friedrich Nietzsche. Time and Becoming in Nietzsche's Thought explores Nietzsche's approach to temporality, showing that his metaphorical and literary presentations lend themselves, in surprising detail, to the debates that have engaged other thinkers. Like Heraclitus, Nietzsche is a philosopher of becoming who sees reality as a continual flow of change. Time is an interpretation of becoming, designed to enable its tensions and fluctuations to be grasped conceptually by our minds. From this starting point, Robin Small explores the emergence of sharply contrasting models of temporality which express differing forms of life. The book concludes with a return to Nietzsche's Dionysian vision of playful participation in becoming as a never-ending creation and destruction. Time and Becoming in Nietzsche's Thought reveals Nietzsche as a major contributor to our thinking about temporality and its significance for human life.
=600  \0$aNietzsche, Friedrich Wilhelm$d1844-1900$1http://www.wikidata.org/entity/Q9358$915868
=650  \0$aPhilosophy$1http://www.wikidata.org/entity/Q5891$92357
=650  \0$aTobacco$1http://www.wikidata.org/entity/Q1566$921475
=942  \\$cBOO
=952  \\$00$10$2ddc$40$6PHI_NIET_B_SMAL$70$8PHI$919416$aORPH$bORPH$cKM12_3_2$d2014-02-14$l1$oPHI NIET b SMAL$p20139097$r2022-06-08 00:00:00$s2021-03-12$v84.55$w2014-02-14$yBOO
=999  \\$d19352

