=LDR  00568aam a2200169   4500
=001  19358
=005  20230123111149.0
=008  140821s2009\\\\\\\\\\\\\\\\\\\\\\0\e
=020  \\$a9780262013048
=041  \\$aeng
=100  \\$aHoy, Couzens$4aut$920455
=245  \\$aThe time of our lives: A critical history of temporality
=260  \\$aCambridge, Massachusetts$bMIT Press$c2009
=300  \\$a288
=942  \\$cBOO
=952  \\$00$10$2ddc$40$6PHI_HOY_A$70$8PHI$919422$aORPH$bORPH$cKM12_3_2$d2021-08-09$g26.29$oPHI HOY a$p20133432$r2021-01-12 00:00:00$w2021-01-12$yBOO
=999  \\$c19358$d19358

