=LDR  02342aam a2200217   4500
=001  19359
=005  20250109133051.0
=008  200605s2018\\\\\\\\\\\\\\\\\\\\\\0\e
=020  \\$a9789493045002
=041  \\$aeng
=100  \\$aSchmelzer, Björn$4aut$920456
=245  \\$aTime Regained: A Warburg Atlas for Early Music
=260  \\$bMER paper Kunsthalle$c2018$aGhent
=300  \\$a2 vols.; 422 p.; 10 fold-out plates
=520  \\$aThis publication is a kind of workbook or manual. It is not a music history, nor is it a technical, musicological book. It is rather a book about materials - musical materials and their relation to other artistic materials. It is not a book for professionals or specialists but for those who like to explore the capacities and possibilities of artistic materials. However it never talks about them in a technical way. This book is instead about love and desire for old repertoires, and especially for polyphony, attempting to retrace its shape: the initial desire that makes one want to perform this music. It consists of two parts: one mostly text, but with much to look at; the other mainly visual, but with plenty to read and consider. A very concrete dialectic is possible here: both parts act and react to one another; the plates can be taken out, acting as separate entities, or can be put into relation with one another. We hope to offer the book's user what Aby Warburg called a Denkraum (thinking space). This is not a history of Early Music, but a fabulation of it, in the same way as Early Music is a fabulation of music history. And as a fabulation it draws on various bits and pieces to slowly try and formulate something that could become like a poetics of graindelavoix, the group with whom we have explored these old repertoires for almost twenty years. But it is a poetics in the making, like the plates of our atlas, akin to a world in the making.
=653  \\$aperformance practice
=700  \\$aGarcia, Margarida$920457
=942  \\$cBOO
=952  \\$00$10$2ddc$3vol. 1 (text)$40$6TRE_SCHM$70$8TRE$919423$aORPH$bORPH$cKTS1_H$d2022-10-06$l1$oTRE SCHM$p20135555$r2022-10-17 00:00:00$s2022-10-06$w2021-01-12$yBOO
=952  \\$00$10$2ddc$3vol. 2 (plates)$40$6TRE_SCHM$70$8TRE$919424$aORPH$bORPH$cKTS1_H$d2022-10-06$l1$oTRE SCHM$p20135554$r2022-10-17 00:00:00$s2022-10-06$w2021-01-12$yBOO
=999  \\$c19359$d19359

