=LDR  01821aam a2200205   4500
=001  19361
=005  20250120120044.0
=008  150310s2009\\\\\\\\\\\\\\\\\\\\\\0\eng
=020  \\$a9781441101808
=041  \\$aeng
=100  \\$4aut$aSerres, Michel$d1930-2019$1http://www.wikidata.org/entity/Q364456$916516
=245  \\$aTimes of Crisis:$bWhat the Financial Crisis Revealed and How to Reinvent our Lives and Future
=250  \\$a2nd ed.
=260  \\$aNew York$bBloomsbury$c2009
=300  \\$a75 pages
=520  \\$aFor Michel Serres, economic crises are earthquakes caused by societal tectonic plates. The current crisis erupted because of the widening discrepancy between major social changes and institutions that have remained the same since WWII.

Serres, one of the first to bring nature into the political, writes, "To destroy, kill, exploit is worthless. In the long run, it means destroying ourselves." At a time when the world population has grown so much that it is exhausting natural resources and the environment, we need to rethink cultural, social, and political dynamics. Serres argues that geopolitics and economics will no longer be a two-player game, between West and East, for example, but a three-player one, in which is Earth will be the third partner. 

This book is one of hope as it calls for a new world and extols the importance of science for our future and political institutions. Here, Serres demonstrates an optimistic outlook in a clear and luminous language that offers new paths for reflection and, ultimately, a better life for Earth and its inhabitants.
=700  \\$4edt$aFeenberg-Dibon, Anne-Marie$920458
=942  \\$cBOO
=952  \\$00$10$2ddc$40$6PHI_SERR_A$70$8PHI$919425$aORPH$bORPH$cKM12_3_2$d2021-08-18$g15.00$oPHI SERR a$p20133948$r2021-01-12 00:00:00$w2021-01-12$yBOO
=999  \\$c19361$d19361

