=LDR  01777aam a2200217   4500
=001  19363
=005  20250925143305.0
=008  150317s1998\\\\\\\\\\\\\\\\\\\\\\0\ger
=020  \\$a3770532821
=041  \\$ager
=100  \\$aHan, Byung-Chul$d1959-$4aut$1http://www.wikidata.org/entity/Q495875$915738
=245  \\$aTodesarten:$bPhilosophische Untersuchungen zum Tod
=260  \\$aMunich$bFink$c1998
=300  \\$a240 pages
=520  \\$aEntlang eigenwilliger Lektüren von Adorno, Heidegger, Derrida, Levinas, Kafka und Handke läßt das Buch den Tod in einer kaleidoskopischen Vielfalt erscheinen. Nachgezeichnet wird ein Schritt-Halten mit dem Tod. Zurechtgerückt in der Schwerkraft des Todes ordnen sich die Dinge neu. Todesarten sind Gangarten dieses Schritt-Haltens mit dem Tod. Das Buch gibt die Sprache des Todes zu hören, die durch das Leben hindurch nicht aufhört, zu reden und zu soufflieren.
Dem Tod gewinnt der Autor eine bewußtseinsverändernde Kraft ab, die ausstrahlt auf Wahrnehmung, Wohnen, Schreiben, Namen und Mitsein. Der Tod wird hier nicht bloß zu einem Bewußtseinsinhalt. Vielmehr beschreibt Todesarten Metamorphosen des Bewußtseins selbst. Das Buch bewegt sich auf eine menschliche Endlichkeit hin, die die Grenze in weite Räume eines humanen Aufenthaltes verwandelt. So entfaltet der Tod bewohnbare Räumlichkeiten für den sterblich existierenden Menschen.
=648  \0$a20th Century (1901-2000)$1http://www.wikidata.org/entity/Q6927$920936
=650  \0$aPhilosophy$1http://www.wikidata.org/entity/Q5891$92357
=650  \0$aDeath$1http://www.wikidata.org/entity/Q4$94425
=942  \\$cBOO
=952  \\$00$10$2ddc$40$6PHI_HAN_A$70$8PHI$919427$aORPH$bORPH$cKM12_3_2$d2021-07-29$g35.00$oPHI HAN a$p20132785$r2021-01-12 00:00:00$w2021-01-12$yBOO
=999  \\$d19363

