=LDR  01536aam a2200241   4500
=001  19364
=005  20250906121749.0
=008  140226s2010\\\\\\\\\\\\\\\\\\\\\\0\ger\d
=020  \\$a9783110220742
=041  \\$ager
=245  \\$aDer Tod Gottes und die Wissenschaft:$bZur Wissenschaftskritik Nietzsches
=260  \\$aBerlin$bDe Gruyter$c2010
=300  \\$a323 pages
=520  \\$aWith his talk of the "death of God", the philosopher Friedrich Nietzsche presented a diagnosis of the future that is both problematic and highly topical. Although this had been the subject of exhaustive discussion in connection with the resulting practical problem of the loss of values, its relevance for the status and selfunderstanding of the theoretical sciences has not been broached. 17 contributions from well-known scholars approach the subject by highlighting the connection between the specific nature of modern science and the non-involvement of theology.
=600  \0$aNietzsche, Friedrich Wilhelm$d1844-1900$1http://www.wikidata.org/entity/Q9358$915868
=650  \0$aPhilosophy$1http://www.wikidata.org/entity/Q5891$92357
=650  \0$aScience$1http://www.wikidata.org/entity/Q7991$921650
=650  \0$aTheology$1http://www.wikidata.org/entity/Q34178$93009
=700  \\$4edt$aGentili, C.$920459
=700  \\$4edt$aNielsen, Cathrin$920460
=942  \\$cBOO
=952  \\$00$10$2ddc$40$6PHI_NIET_B_GENT$70$8PHI$919428$aORPH$bORPH$cKM12_3_2$d2014-02-18$l1$oPHI NIET b GENT$p20139119$r2022-06-08 00:00:00$s2021-03-12$v100.42$w2014-02-18$yBOO
=999  \\$d19364

