=LDR  01937aam a2200169   4500
=001  19367
=005  20230123111150.0
=008  120328s2004\\\\\\\\\\\\\\\\\\\\\\0\\\\
=020  \\$a9789020956238
=100  \\$aTanghe, Paul$4aut$920462
=245  \\$aToeternitoe: Zin, onzin en waanzin van de hedendaagse beeldende kunst
=260  \\$aTielt$bLannoo$c2004
=300  \\$a272
=520  \\$aWat drijft een man, die publiek vooral bekend staat als een bedrijfsleider en bankier, om een boek te schrijven over hedendaagse beeldende kunst? Paul Tanghe studeerde rechten en economie en was vanaf 1966 actief in ondernemingen, in de textielindustrie, en vanaf 1968 in de financiële sector, met name in CERA Bank en na de fusie met Kredietbank vanaf 1998 in Cera Holding en de Almanij/KBC-Groep.
Al die jaren besteedde hij evenwel zijn hele vrije tijd aan kunst. Hij behaalde een licentie filosofie en schreef een verhandeling over het kunstfilosofische onderwerp: Robert Morris: vorm en vormeloosheid. Hij bestudeerde systematisch de kunst van het Westen maar ook van andere culturen en onderzocht gedurende jaren één voor één de meest diverse muziekvormen.
Het boek is een gepassioneerde getuigenis en een boeiend filosofisch traktaat. Vanuit een beschrijving van het ontstaan en de belangrijkste kenmerken van de hedendaagse kunst trekt hij grenzen en zoekt hij naar verbanden om de beeldende kunst een plaats te geven binnen het geheel van menselijke activiteiten. Hij onderzoekt op een dieper niveau de eigenheid van de beeldende kunst door een aantal basiskenmerken ervan te belichten en hij neemt een standpunt in in de discussie over de zingevende functie van kunst. Maar ook wat betreft het gebrek aan zin en de vele vormen van waanzin binnen de hedendaagse kunst...

=942  \\$cBOO
=952  \\$00$10$2ddc$40$6PHI_TANG_A$70$8PHI$919431$aORPH$bORPH$cKM12_3_2$d2021-08-04$oPHI TANG a$p20133050$r2021-01-12 00:00:00$w2021-01-12$yBOO
=999  \\$c19367$d19367

