=LDR  01916aam a2200241   4500
=001  19371
=005  20250121142132.0
=008  171213s2014\\\\\\\ag\\\\\\\\\\\\\0\eng\d
=020  \\$a9780520276307
=041  \\$aeng
=100  \\$aGuin, Elisabeth le$4aut$920464
=245  \\$aThe Tonadilla in Performance:$bLyric Comedy in Enlightenment Spain
=260  \\$aLos Angeles$bUniversity of California Press$c2014
=300  \\$a383 pages
=520  \\$aThe tonadilla, a type of satiric musical skit popular on the public stages of Madrid during the late Enlightenment, has played a significant role in the history of music in Spain. This book, the first major study of the tonadilla in English, examines the musical, theatrical, and social worlds that the tonadilla brought together and traces the lasting influence this genre has had on the historiography of Spanish music. The tonadillas' careful constructions of musical populism provide a window onto the tensions among Enlightenment modernity, folkloric nationalism, and the politics of representation; their diverse, engaging, and cosmopolitan music is an invitation to reexamine tired old ideas of musical "Spanishness." Perhaps most radically of all, their satirical stance urges us to embrace the labile, paratextual nature of comic performance as central to the construction of history.
=648  \0$1http://www.wikidata.org/entity/Q7015$a18th Century (1701-1800)$920899
=650  \0$1http://www.wikidata.org/entity/Q3622181$aTonadilla$91972
=650  \0$1http://www.wikidata.org/entity/Q858517$aCultural history$922395
=650  \0$1http://www.wikidata.org/entity/Q1061140$aTheater history$94607
=651  \0$1http://www.wikidata.org/entity/Q29$aSpain$920983
=942  \\$cBOO
=952  \\$00$10$2ddc$40$6TOP_ES_5_000000000000000$70$8TOP$919435$aORPH$bORPH$cKTS0$d2017-12-11$g54.55$l1$m3$oTOP ES 5$p20132007$r2023-07-20 00:00:00$s2021-03-10$w2021-01-12$yBOO
=999  \\$d19371

