=LDR  01332aam a2200289   4500
=001  19373
=005  20250121142132.0
=008  200928s1998\\\\\\\\\\\\\\\\\\\\\\0\ger
=020  \\$a3795209544
=041  \\$ager
=100  \\$4aut$aMoosbauer, Bernhard$920466
=245  \\$aTonart und Form in den Finali der Sinfonien von Joseph Haydn
=260  \\$aTutzing$bSchneider$c1998
=300  \\$a416 pages
=490  \\$aTübinger Beiträge zur Musikwissenschaft$v19
=600  \0$aHaydn, Joseph$d1732-1809$1http://www.wikidata.org/entity/Q7349$94783
=648  \0$a18th Century (1701-1800)$1http://www.wikidata.org/entity/Q7015$920899
=650  \0$aSymphony$1http://www.wikidata.org/entity/Q9734$92527
=650  \0$aTonality$1http://www.wikidata.org/entity/Q192822$923769
=650  \0$aMusical analysis$1http://www.wikidata.org/entity/Q1544924$92775
=651  \0$aEszterháza (Hungary)$1http://www.wikidata.org/entity/Q667208$923790
=651  \0$aVienna (Austria)$1http://www.wikidata.org/entity/Q1741$920937
=651  \0$aParis (France)$1http://www.wikidata.org/entity/Q90$9160
=651  \0$aLondon (United Kingdom)$1http://www.wikidata.org/entity/Q84$9123
=942  \\$cBOO
=952  \\$00$10$2ddc$40$6BIO_HAYD1_E$70$8BIO$919437$aORPH$bORPH$cKTS1_P$d2021-10-19$g14.00$oBIO HAYD1 e$p20129569$r2021-01-12 00:00:00$w2021-01-12$yBOO
=999  \\$d19373

