=LDR  01442aam a2200193   4500
=001  19376
=005  20250715172556.0
=008  200612s2015\\\\\\\\\\\\\\\\\\\\\\0\eng\d
=020  \\$a9780992693114
=041  \\$aeng
=245  \\$aTopographies of the Obsolete: Ashmolean Papers
=260  \\$aUK$bTopographies of the Obsolete Publications$c2015
=300  \\$a pages
=520  \\$aThis publication in part documents the site-specific outcomes realised in a major exhibition output of the project, Vociferous Void (2013), and draws a series of commissioned essays together with the reflections of a number of participating artists, that contribute to and extend the discourse that surrounds specific research strands. The texts function as integral elements in the dissemination of the artistic research journey, which illuminate and contextualise the different modes of research, embodied within creative outputs that would otherwise remain dimly felt. They expose the processes through which works are conceived and developed, and explore the decisions, questions and issues that are confronted and reflected upon in the realm of experience rather than in the realm of cognition.
=700  \\$aMydland, Anne Helen$4edt$920471
=700  \\$aBrownsword, Neil$1http://www.wikidata.org/entity/Q101044859$4edt$920472
=942  \\$cBOO
=952  \\$00$10$40$70$8COLL_UNK$919440$aORPH$bORPH$cLOC_UNK$d2021-01-12$l0$r2021-01-12 00:00:00$w2021-01-12$yBOO
=999  \\$d19376

