=LDR  01840aam a2200217   4500
=001  19381
=005  20250120120017.0
=008  150317s2011\\\\\\\\\\\\\\\\\\\\\\0\ger
=020  \\$a9783882214956
=041  \\$ager
=100  \\$aHan, Byung-Chul$d1959-$4aut$1http://www.wikidata.org/entity/Q495875$915738
=245  \\$aTopologie der Gewalt
=260  \\$aBerlin$bMatthes & Seitz$c2011
=300  \\$a191 pages
=490  \\$aBatterien NF$v008
=520  \\$aEs gibt Dinge, die nicht verschwinden. Zu ihnen gehört auch die Gewalt. Die »Gewaltaversion« (Jan Philipp Reemtsma) zeichnet nicht die Moderne aus. Die Gewalt ist proteischer als man denkt. Sie verändert nur ihre Erscheinungsform. Heute zieht sie sich in subkutane, subkommunikative, kapillare und neuronale Räume zurück und nimmt eine mikrophysische Form an, die auch ohne die Negativität der Herrschaft oder Feindschaft ausgeübt wird. Sie verlagert sich vom Sichtbaren ins Unsichtbare, vom Brachialen ins Mediale und vom Frontalen ins Virale. Nicht offene Angriffe, sondern Ansteckungen sind ihre Wirkungsweisen. Hans Topologie der Gewalt zeichnet vor allem jene Transformation des Gewaltgeschehens, die sich als der Wandel von der Dekapitation (vormoderne Gesellschaft der Souveränität und des Blutes) über die Deformation (moderne Disziplinargesellschaft) bis hin zur Depression (heutige Leistungs- und Müdigkeitsgesellschaft) vollzieht. Han setzt damit seine bereits in Müdigkeitsgesellschaft begonnene beunruhigende Analyse unserer Zeit fort.
=648  \0$a21st Century (2001-2100)$1http://www.wikidata.org/entity/Q6939$920812
=650  \0$aPhilosophy$1http://www.wikidata.org/entity/Q5891$92357
=942  \\$cBOO
=952  \\$00$10$2ddc$40$6PHI_HAN_A$70$8PHI$919445$aORPH$bORPH$cKM12_3_2$d2021-07-29$g19.00$oPHI HAN a$p20132783$r2021-01-12 00:00:00$w2021-01-12$yBOO
=999  \\$d19381

