=LDR  00545aam a2200157   4500
=001  19383
=005  20250120120119.0
=008  120228s1997\\\\\\\\\\\\\\\\\\\\\\0\dut\d
=020  \\$a9789052404257
=100  \\$aVan Bendegem, Jean Paul$4aut$917695
=245  \\$aTot in der eindigheid:$bOver wetenschap, new age en religie
=260  \\$aAntwerpen$bHadewijch$c1997
=300  \\$a285 pages
=942  \\$cBOO
=952  \\$00$10$2ddc$40$6PHI_VANB_A$70$8PHI$919447$aORPH$bORPH$cKM12_3_2$d2021-08-05$oPHI VANB a$p20133066$r2021-01-12 00:00:00$w2021-01-12$yBOO
=999  \\$d19383

