=LDR  02558aam a2200241   4500
=001  19386
=005  20250925143305.0
=008  120417s2000\\\\\\\\\\\\\\\\\\\\\\0\dut
=020  \\$a9789029530286
=041  \\$adut$hger
=100  \\$aMann, Thomas$d1875-1955$4aut$1http://www.wikidata.org/entity/Q37030$916933
=245  \\$aDe toverberg
=260  \\$aAntwerpen$bArbeiderspers$c2000
=300  \\$a971 pages
=520  \\$aDe Toverberg van Thomas Mann gaat over een Duitser genaamd Hans Castorp die aan het begin van deze eeuw zijn zieke neef in een Zwiters sanatorium komt bezoeken en daar dan maar gelijk zeven jaar blijft simuleren dat ie ook ziek is. Bijna duizend bladzijden lang ligt hij in een kameelharen deken op zijn balkon een beetje te mijmeren. En drie maal daags zetten de patienten het op een schransen. Om het nog erger te maken bestaan ettelijke bladzijden uit Nietzsche-achtige discussies en aan het einde van het boek gaat Hans godbetert aan spiritisme doen. En toch, toch is dit het beste boek dat deze eeuw is geschreven, simpelweg omdat het zo goed is geschreven dat je helemaal niet meer door hebt dat je een boek leest. Integendeel de personages gaan werkelijk leven en dit geldt niet alleen voor de onvergetelijke hoofdpersonen, ik noem maar even kamerheer Behrens, Settembrini, de sinistere Naphta, de stille liefde Madame Chauchat, meneer Peperkorn, neef Ziemszen en Hans zelf maar mischien zelfs meer nog voor de talloze figuranten zoals de suicidale meneer Albin, Hermine Kleefeld met de fluitende long, het onderontwikkelde mens mevrouw Stohr enzovoort enzovoort. Nogmaals : Zieke duitsers in een zwitsers sanatorium (gaap) klinkt niet alsof er veel te lachen valt. En toch is dit boek op een mild ironische manier heel erg grappig. Heel af en toe is het boek zelfs hilarisch. En wanneer je s¿avonds in je bed leest dat Hans in zijn kameelharen deken op het balkon ligt en vaag in de verte flarden feestmuziek hoort uit het lager gelegen hotel waar een bruiloft aan de gang is dan hoor je zelf ook die muziek. En het is niet ieder boek gegeven om dat voor mekaar te krijgen.
=534  \\$aOriginally published in 1924
=648  \0$a20th Century (1901-2000)$1http://www.wikidata.org/entity/Q6927$920936
=650  \0$aNovel$1http://www.wikidata.org/entity/Q8261$921629
=651  \0$aGermany$1http://www.wikidata.org/entity/Q183$9155
=765  \\$aDer Zauberberg
=942  \\$cBOO
=952  \\$00$10$2ddc$40$6LIT_MANN_A$70$8LIT$919450$aORPH$bORPH$cKM12_2_H$d2021-08-19$oLIT MANN a$p20134017$r2021-01-12 00:00:00$w2021-01-12$yBOO
=999  \\$d19386

