=LDR  02210aam a2200217   4500
=001  19387
=005  20250906121749.0
=008  120529s1997\\\\\\\\\\\\\\\\\\\\\\0\eng
=020  \\$a9780804727860
=041  \\$aeng
=100  \\$aRheinberger, Hans-Jörg$4aut$916709
=245  \\$aToward a History of Epistemic Things:$bSynthesizing Proteins in the Test Tube
=260  \\$aPalo Alto, CA$bStanford University Press$c1997
=300  \\$a325 pages
=520  \\$aIn this powerful work of conceptual and analytical originality, the author argues for the primacy of the material arrangements of the laboratory in the dynamics of modern molecular biology. In a post-Kuhnian move away from the hegemony of theory, he develops a new epistemology of experimentation in which research is treated as a process for producing epistemic things.

A central concern of the book is the basic question of how novelty is generated in the empirical sciences. In addressing this question, the author brings French poststructuralist thinkingnotably Jacques Derrida's concepts of différance and historiality to bear on the construction of epistemic things. Historiographical perspective shifts from the actors minds to their objects of manipulation.

These epistemological and historical issues are illuminated in a detailed case study of a particular laboratory, that of the oncologist and biochemist Paul C. Zamecnik and his colleagues, located in a specific setting the Collis P. Huntington Memorial Hospital of Harvard University at the Massachusetts General Hospital of Boston. The author traces how, between 1945 and 1965, this group developed an experimental system for synthesizing proteins in the test tube that put Zamecnik's research team at the forefront of those who led biochemistry into the era of molecular biology.
=600  \0$aDerrida, Jacques$d1930-2004$1http://www.wikidata.org/entity/Q130631$919354
=650  \0$aScience$1http://www.wikidata.org/entity/Q7991$921650
=650  \0$aPostmodernism$1http://www.wikidata.org/entity/Q47783$923399
=942  \\$cBOO
=952  \\$00$10$2ddc$40$6PHI_RHEI_A$70$8PHI$919452$aORPH$bORPH$cKM12_3_2$d2021-08-04$g33.13$oPHI RHEI a$p20130519$r2021-01-12 00:00:00$w2021-01-12$yBOO
=999  \\$d19387

