=LDR  01550aam a2200193   4500
=001  19395
=005  20250109133052.0
=008  120111s2005\\\\\\\\\\\\\\\\\\\\\\0\e
=020  \\$a9780192802354
=041  \\$aeng
=100  \\$aPoole, Adrian$4aut$920486
=245  \\$aTragedy: A very short introduction
=260  \\$aOxford$bOxford university press$c2005
=300  \\$a147
=520  \\$aTo your local anchorperson, the word "tragedy" brings to mind an accidental fire at a low-income apartment block, the horrors of a natural disaster, or atrocities occurring in distant lands. To a classicist however, the word brings to mind the masterpieces of Sophocles, Shakespeare, and Racine; beautiful dramas featuring romanticized torment. What has tragedy been made to mean by dramatists, storytellers, philosophers, politicians, and journalists over the last two and a half millennia? Why do we still read, re-write, and stage these old plays? This lively and engaging work presents an entirely unique approach which shows the relevance of tragedy to today's world, and extends beyond drama and literature into visual art and everyday experience. Addressing questions about belief, blame, mourning, revenge, pain, and irony, noted scholar Adrian Poole demonstrates the age-old significance of our attempts to make sense of terrible suffering.
=490  \\$aVery short introductions$v131
=942  \\$cBOO
=952  \\$00$10$2ddc$40$6LIT_POOL_A$70$8LIT$919460$aORPH$bORPH$cKM12_2_H$d2021-08-30$oLIT POOL a$p20134874$r2021-01-12 00:00:00$w2021-01-12$yBOO
=999  \\$c19395$d19395

