=LDR  00535aam a2200169   4500
=001  19399
=005  20250109133052.0
=008  131113s1883\\\\\\\\\\\\\\\\\\\\\\0\\\\
=100  \\$4aut$aJadassohn, Salomon $d1831-1902$920490
=100  \\$4(Vertaler)$aJodin, Mathieu$920493
=245  \\$aTraité de contrepoint.
=260  \\$aBrussel$bBreitkopf & Härtel$c1883
=250  \\$a1896
=300  \\$a200 p.
=942  \\$cBOO
=952  \\$00$10$40$70$8COLL_UNK$919464$aORPH$bORPH$cLOC_UNK$d2021-01-12$l0$r2021-01-12 00:00:00$w2021-01-12$yBOO
=999  \\$c19399$d19399

