=LDR  00944aam a2200217   4500
=001  19402
=005  20250820130241.0
=008  131126q18241826\\\g\\\\\\\\\\\\\\0\fre\d
=041  \\$afre
=100  \\$aReicha, Anton$d1770-1836$4aut$1http://www.wikidata.org/entity/Q311387$916024
=245  \\$aTraité de haute composition musicale
=260  \\$aParis$bRichault$c[1824-26]
=300  \\$a235 pages
=590  \\$aCet Ouvrage fait suite au Traité de Mélodie et au Cours d'harmonie pratique du même Auteur
=648  \0$a19th Century (1801-1900)$1http://www.wikidata.org/entity/Q6955$920935
=650  \0$aMethod$1http://www.wikidata.org/entity/Q2250960$921402
=650  \0$aComposing$1http://www.wikidata.org/entity/Q92186587$93076
=651  \0$aParis (France)$1http://www.wikidata.org/entity/Q90$9160
=942  \\$cBOO
=952  \\$00$10$2ddc$40$70$8RAR$919467$aORPH$bORPH$cKTS1_H$d2022-08-02$l0$p20130931$r2021-01-12 00:00:00$w2021-01-12$yBOO
=999  \\$d19402

