=LDR  01335aam a2200253   4500
=001  19405
=005  20250820130241.0
=008  131126r19691650\\\\\\\\\\\\\\\\\\0\fre\d
=041  \\$afre
=100  \\$4aut$aDenis, Jean II$dc. 1600-1672$1http://www.wikidata.org/entity/Q27999022$910448
=245  \\$aTraité de l'accord de l'espinette.$bAvec la comparation de son Clavier à la Musique vocale
=260  \\$aNew York$aParis$bDa Capo Press$c1969$c1650
=300  \\$a49 pages
=534  \\$aOriginally published in 1650
=648  \0$a17th Century (1601-1700)$1http://www.wikidata.org/entity/Q7016$920923
=650  \0$aMethod$1http://www.wikidata.org/entity/Q2250960$921402
=650  \0$aTuning$1http://www.wikidata.org/entity/Q858576$921655
=650  \0$aSpinet$1http://www.wikidata.org/entity/Q623941$924515
=651  \0$aFrance$1http://www.wikidata.org/entity/Q142$9131
=700  \\$4edt$aCurtis, Alan$d1934-2015$1http://www.wikidata.org/entity/Q965256$920496
=942  \\$cBOO
=952  \\$00$10$2ddc$40$6INS_3_000000000000000_2C_DENI$70$8INS$919470$aORPH$bORPH$cKTS0$d2023-09-05$l0$oINS3.2c DENI$p20130183$r2021-01-12 00:00:00$w2021-01-12$yBOO
=952  \\$00$10$2ddc$40$6INS_3_000000000000000_2C_DENI$70$8INS$922898$aORPH$bORPH$cKTS0$d2020-07-08$eKoopman$f13I48$l0$oINS3.2c DENI$p20126419$r2023-09-05 00:00:00$w2021-01-12$yBOO
=999  \\$d19405

