=LDR  00753aam a2200193   4500
=001  19407
=005  20250527153317.0
=008  170109s1942\\\\\\\\\\\\\\\\\\\\\\0\f
=020  \\$aM94853
=041  \\$afre
=100  \\$aDavenson, Henri$d1904-1977$4aut$920497
=245  \\$aTraité de la musique: selon l'ésprit de Saint Augustin
=260  \\$aNeuchatel$bEditions de la baconnière$c1942
=300  \\$a189 pages
=490  \\$aLes cahiers du Rhône
=942  \\$cBOO$2ddc
=952  \\$00$10$2ddc$40$6AES_DAVE$70$8AES$919472$aORPH$bORPH$cKM12_1$l0$oAES DAVE$p20131020$r2021-01-12 00:00:00$w2021-01-12$yBOO
=952  \\$00$10$2ddc$40$6AES_DAVE$70$8AES$926602$aORPH$bORPH$cKM12_1$d2025-04-14$l0$oAES DAVE$p20144165$r2025-04-14 16:56:12$w2021-01-12$yBOO
=999  \\$c19407$d19407

