=LDR  04022aam a2200229   4500
=001  19419
=005  20250925143306.0
=008  190514s1949\\\\\\\\\\\\\\\\\\\\\\0\fre
=041  \\$afre
=100  \\$aJankélévitch, Vladimir$d1903-1985$4aut$1http://www.wikidata.org/entity/Q728489$917630
=245  \\$aTraité des vertus
=250  \\$a[1st ed.]
=260  \\$aParis$bBordas$c1949
=300  \\$a807 pages
=520  \\$aL'impératif inconditionnel, en tant qu'il est le commandement d' aimer l'Autre, se révèle à Jankélévitch comme la synthèse du Quod et du Quid, de la forme vide de matière et du contenu informe.

Faire son devoir est une vertu, et la manière est déjà une matière, à la fois la matière hypothétique et cette matérialité quoddative qu'on appellerait plutôt formelle: à la fois la forme de l'effectivité catégorique et cette forme générique des relations quiddatives qu'on dirait plutôt matérielle.

Au commencement de tout est le courage, vertu du commencement, de même que la fidélité est la vertu de la continuation et le sacrifice celle de la fin. Tendue entre les deux instants tranchants du sacrifice et du courage, l'un qui se dénoue, l'autre qui débute, la durable fidélité s'étale dans l'intervalle chronique et continu des crises. Fidèle jusqu'à la mort, qui est conclusion de tout, la vertu de continuation s'approche à un choix initial que le courage assume. Il faut du courage pour rester fidèle; ce qui veut dire qu'à toute minute, pour persister dans la continuation, la fidélité exige de petits recommencements de courage; parmi les caprices du changement, les tentations de l'oubli et de l'ingratitude, les épreuves de la souffrance, la fidélité est le courage continué ou la continuation du commencement.

Puis, selon Jankélévitch, vient la sincérité toujours belle, toujours exigible et absolument bonne: vertu majeure, elle ne dépend plus des classes moyennant lesquelles elle deviendrait vertueuse, mais au contraire c'est elle qui donne de la valeur à une conduite elle-même sans valeur. L'humanité et la modestie sont déjà contenues dans la sincérité, en tant que celle-ci est l'exacte et scrupuleuse connaissance par le mot de ses limites propres. Les théologiens s'accordent à dire que l'humilité est le fondement de toutes les vertus: fondement sans doute, mais Jankélévitch constate que son lieu naturel n'est pas le haut, mais un bas qui est haut. Si l' humilié est support ou base de toute excellence, la charité en doit être le couronnement. Dans cette sublime vertu, toutes les autres sont impliquées: c'est à elle que correspond le seul impératif inconditionnel, suffisant et catégorique, qui est l'impératif d' amour.

Au rebord extrême de la charité, avec le don de soi, nous retrouvons l'article suprême de la vie morale: le sacrifice. Dans une dernière partie consacrée à l' innocence, Jankélévitch commence par étudier son envers et ses formes négatives: la méchanceté. Il nous renvoie de l' éthique de la malveillance et de la psychologie du mauvais vouloir à la métaphysique du mal. L'heureuse innocence, elle, est le commencement et le dénouement de toute vie morale. Elle est la double pureté qui, en-deçà de l'intervalle soucieux, encadre notre vie de conscience. Bien qu'elle ne soit pas elle-même une vertu, elle représente la spontanéité de l'authenticité intentionnelle de toutes les vertus. En elle se dénude cette ipséité qui est le centre vers lequel convergent tous les rayons de toutes les vertus.
=648  \0$1http://www.wikidata.org/entity/Q6927$a20th Century (1901-2000)$920936
=650  \0$1http://www.wikidata.org/entity/Q5891$aPhilosophy$92357
=650  \0$1http://www.wikidata.org/entity/Q25457248$aMoral education$93171
=651  \0$1http://www.wikidata.org/entity/Q142$aFrance$9131
=942  \\$cBOO
=952  \\$00$10$2ddc$40$6PHI_JANK_A$70$8PHI$919485$aORPH$bORPH$cKM12_3_2$d2021-08-11$oPHI JANK a$p20133769$r2021-01-12 00:00:00$w2021-01-12$yBOO
=999  \\$d19419

