=LDR  01325aam a2200277   4500
=001  19420
=005  20250820130241.0
=008  131113s1898\\\\\\\g\\\\\\\\\\\\\\0\fre\d
=041  \\$afre$hger
=100  \\$4aut$aRichter, Ernst Friedrich$d1808-1879$918393
=245  \\$aTraité d'harmonie théorique te pratique
=250  \\$a5th ed.
=260  \\$aLeipzig$aBrussels$bBreitkopf & Härtel$c1898
=300  \\$aviii-200 pages
=500  \\$aTranslator Sandré "ex Professeur d'harmonie pratique au conservatoire royal de Bruxelles"
=534  \\$aLehrbuch der Harmonie$cLeipzig: Breitkopf und Härtel, 1853$ohttps://www.digitale-sammlungen.de/de/view/bsb10599321?page=5
=561  \\$aEx libris Hyacinthe Shingeneyer (manuscript)
=563  \\$aquires detached from spine binding
=590  \\$aTraduit de l'Allemand
=648  \0$a19th Century (1801-1900)$1http://www.wikidata.org/entity/Q6955$920935
=650  \0$aMethod$1http://www.wikidata.org/entity/Q2250960$921402
=650  \0$aHarmony$1http://www.wikidata.org/entity/Q184421$92358
=700  \\$aSandré, Gustave$d1843-1916$1http://www.wikidata.org/entity/Q4407549$4trl$917243
=942  \\$cBOO
=952  \\$00$10$2ddc$40$6KTS_1_000000000000000_H_10_003$70$8RAR$919486$aORPH$bORPH$cKTS1_H$d2021-01-12$l0$oKTS1 H.10.003$p20143797$r2021-01-12 00:00:00$w2021-01-12$yBOO
=999  \\$d19420

