=LDR  01343aam a2200253   4500
=001  19423
=005  20250120120109.0
=008  161206s1891\\\\\\\\\\\\\\\\\\\\\\0\fre
=041  \\$afre$hger
=100  \\$4aut$aRichter, Ernst Friedrich$d1808-1879$918393
=245  \\$aTraité d'harmonie :$bthéorique et pratique
=250  \\$a3rd ed.
=260  \\$aLeipzig$aBrussels$bBreitkopf & Härtel$c1891
=300  \\$a200 pages
=500  \\$aErnst Friedrich Eduard Richter (1808-1879) was a German Thomas cantor from 1868 to 1879, professor at the Leipzig Conservatory and music director at the University of Leipzig. He is best known by three theoretical works: 'Lehrbuch der Harmonie', 'Lehrbuch des einfachen und doppelten Contrapunkts' and 'Lehrbuch der Fuge'.
=648  \0$a19th Century (1801-1900)$1http://www.wikidata.org/entity/Q6955$920935
=650  \0$aMusic theory$1http://www.wikidata.org/entity/Q193544$92662
=650  \0$aMusic education$1http://www.wikidata.org/entity/Q27908$921766
=650  \0$aHarmony$1http://www.wikidata.org/entity/Q184421$92358
=700  \\$4aut$aSandré, Gustave$d1843-1916$917243
=765  \\$aLehrbuch der Harmonie
=942  \\$cBOO
=952  \\$00$10$2ddc$40$6KTS_1_000000000000000_H_09_008$70$8RAR$919489$aORPH$bORPH$cKTS1_H$d2022-09-02$l0$oKTS1 H.09.008$p20131122$r2021-01-12 00:00:00$w2021-01-12$yBOO
=999  \\$d19423

