=LDR  01205aam a2200193   4500
=001  19434
=005  20250120120204.0
=008  130318s2008\\\\\\\\\\\\\\\\\\\\\\0\eng
=020  \\$a9781572738355
=041  \\$aeng
=100  \\$aNicolescu, Basarab$d1942-$4edt$1http://www.wikidata.org/entity/Q2837761$920504
=245  \\$aTransdisciplinarity:$bTheory and Practice
=260  \\$aCresskill, NJ$bHampton Press$c2008
=300  \\$a299 pages
=520  \\$aIn this fascinating volume, the contributors make it very clear that far from being a faddish and superficial phenomenon, transdisciplinarity is potentially the foundation for a new, and much needed approach to inquiry. Because transdisciplinarity is radical, in the sense that it goes to the roots of knowledge, and questions our ways of thinking and our construction and organization of knowledge, it requires a discipline of self-inquiry that integrates the knower in the process of knowing.
=650  \0$aSocial science$1http://www.wikidata.org/entity/Q34749$93803
=942  \\$cBOO
=952  \\$00$10$2ddc$40$6PHI_NICO_A$70$8PHI$919500$aORPH$bORPH$cKM12_3_2$d2013-03-15$g27.50$l1$oPHI NICO a$p20133335$r2023-02-06 00:00:00$s2023-01-16$w2021-01-12$yBOO
=999  \\$d19434

