=LDR  00589aam a2200169   4500
=001  19435
=005  20250109132722.0
=008  140428s1981\\\\\\\\\\\\\\\\\\\\\\0\eng
=020  \\$a0674903463
=041  \\$aeng
=100  \\$aDanto, Arthur C.$d1924-2013$4aut$1http://www.wikidata.org/entity/Q365129$918317
=245  \\$aThe Transfiguration of the Commonplace
=260  \\$aLondon$bHarvard University Press$c1981
=300  \\$a212 pages
=942  \\$cBOO
=952  \\$00$10$2ddc$40$6AES_DANT$70$8AES$919501$aORPH$bORPH$cKM12_1$d2021-08-11$oAES DANT$p20133643$r2021-01-12 00:00:00$w2021-01-12$yBOO
=999  \\$d19435

