=LDR  01729aam a2200253   4500
=001  19441
=005  20251001162234.0
=008  130315s2008\\\\\\\\\\\\\\\\\\\\\\0\eng
=020  \\$a9780415458566
=041  \\$aeng$hger
=100  \\$aFischer-Lichte, Erika$4aut$915798
=245  \\$aThe Transformative Power of Performance:$bA New Aesthetics
=260  \\$aLondon$bRoutledge$c2008
=300  \\$a232 pages
=520  \\$aIn this book, Erika Fischer-Lichte traces the emergence of performance as 'an art event' in its own right. In setting performance art on an equal footing with the traditional art object, she heralds a new aesthetics.

The peculiar mode of experience that a performance provokes blurring distinctions between artist and audience, body and mind, art and life  is here framed as the breeding ground for a new way of understanding performing arts, and through them even wider social and cultural processes.

With an introduction by Marvin Carlson, this translation of the original Ästhetik des Performativen addresses key issues in performance art, experimental theatre and cultural performances to lay the ground for a new appreciation of the artistic event.
=534  \\$aOriginally published in 2004
=648  \0$a20th Century (1901-2000)$1http://www.wikidata.org/entity/Q6927$920936
=650  \0$aPerformance art$1http://www.wikidata.org/entity/Q213156$922164
=650  \0$aAesthetics$1http://www.wikidata.org/entity/Q35986$921494
=700  \\$4win$aCarlson, Marvin$919557
=765  \\$aÄsthetik des Performativen 
=942  \\$cBOO
=952  \\$00$10$2ddc$40$6LIT_FISC_A$70$8LIT$919507$aORPH$bORPH$cKM12_2_H$d2021-08-25$g23.75$l1$oLIT FISC a$p20134042$r2023-03-20 00:00:00$s2023-01-05$w2021-01-12$yBOO
=999  \\$d19441

