=LDR  01775aam a2200205   4500
=001  19442
=005  20250120120017.0
=008  150414s2012\\\\\\\\\\\\\\\\\\\\\\0\ger
=020  \\$a9783882219593
=041  \\$ager
=100  \\$aHan, Byung-Chul$d1959-$4aut$1http://www.wikidata.org/entity/Q495875$915738
=245  \\$aTransparenzgesellschaft
=260  \\$aBerlin$bMatthes & Seitz$c2012
=300  \\$a91 pages
=520  \\$aKaum ein anderes Schlagwort beherrscht heute den öffentlichen Diskurs so sehr wie die Transparenz. Sie wird vor allem im Zusammenhang mit der Informationsfreiheit emphatisch beschworen. Wer aber die Transparenz allein auf moralischer Ebene thematisiert und sie etwa auf Fragen der Korruption reduziert, verkennt ihre Tragweite. Die Transparenz ist ein systemischer Zwang, der die gesamten gesellschaftlichen Prozesse erfasst und sie einer gravierenden Veränderung unterwirft. Das gesellschaftliche System setzt heute all seine Prozesse einem Transparenzzwang aus, um sie zu operationalisieren und zu beschleunigen. Der Imperativ der Transparenz macht uns außerdem zu Sklaven der Sichtbarkeit. Die Transparenzgesellschaft ist eine pornografische, ausgestellte Gesellschaft. Sie manifestiert sich gleichzeitig als eine Kontrollgesellschaft. Das Internet als Raum der Freiheit erweist sich als ein digitales Panoptikum. Hans neuer Essay geht den Illusionen und Gefahren nach, die mit dem Paradigma der Transparenz verbunden sind.
=648  \0$a21st Century (2001-2100)$1http://www.wikidata.org/entity/Q6939$920812
=650  \0$aPhilosophy$1http://www.wikidata.org/entity/Q5891$92357
=942  \\$cBOO
=952  \\$00$10$2ddc$40$6PHI_HAN_A$70$8PHI$919508$aORPH$bORPH$cKM12_3_2$d2021-07-29$g9.00$oPHI HAN a$p20132792$r2021-01-12 00:00:00$w2021-01-12$yBOO
=999  \\$d19442

