=LDR  03364aam a2200241   4500
=001  19444
=005  20250120120039.0
=008  180828s2017\\\\\\\\\\\\\\\\\\\\\\0\eng
=020  \\$a9789492321695
=041  \\$aeng
=245  \\$aTranspositions:$bArtistic Data Exploration
=246  \1$adata
=260  \\$aGhent$bAraMER$c2017
=300  \\$a807 pages
=520  \\$aThis research project investigates the possibility of generating new auditory and visual forms based on the analysis and mathematical transformation of scientific data. In addition, the project studies whether and how these new forms are of scientific significance by asking the collaborating researchers to interpret the artistic outputs. By remaining true to the data while employing an artistic working method and, thus, by combining scientific and artistic values, the project contributes to the conceptual development of a space for research that is shared between art and science. This, however, implies that during the project both scientists and artists will be challenged to work in ways that are unfamiliar to them, either through confrontation with complex artistic interpretations of data or through exposure to very specific scientific working methods. On a meta-level, the project will report on the types of interactions that are deemed to be of value to either the artists, the scientists or both.

At present, scientists use a variety of sonification and visualization procedures to analyse and communicate their findings. For artists, those representations are often of little artistic value because they are geared towards a transparent communication of the data that creates little space for artistic interventions. Conversely, by foregrounding aesthetic effects, the expanding field of artistic data sonification and visualization runs the risk of producing works of art that only superficially relate back to the scientific research from which the data originated. While giving the arts an important role in the communication of scientific activity, the artistic exploration of scientific data may thus add very little to the research itself. Given the ever-increasing amount and importance of data representations, it is of particular importance that artists become engaged with their fabrication and to identify how, in spite of their very different constitution, aesthetic and epistemic research aims may support each other.

Four case studies from different scientific fields provide data to be transposed by the artists into artistic outputs, which are in turn analysed by the scientists. The artists have established practices in music composition and visual art, respectively, and have been collaborating very productively for the last 6 years. Given the transdisciplinary nature of the artistic collaboration, it is possible to investigate issues of intermediality not only between art and science but also from within the arts.
=650  \0$aArtistic research$1http://www.wikidata.org/entity/Q20827087$921804
=650  \0$aFine art$1http://www.wikidata.org/entity/Q219625$921579
=700  \\$aEckel, Gerhard$4aut$916322
=700  \\$aSchwab, Michael$4aut$917256
=700  \\$aPirrò, David$4aut$920510
=942  \\$cBOO
=952  \\$00$10$2ddc$40$6VIS_ECKE$70$8VIS$919510$aORPH$bORPH$cKTS1_H$d2022-09-20$l0$oVIS ECKE$p20117557$r2021-01-12 00:00:00$w2021-01-12$yBOO
=999  \\$d19444

