=LDR  01567aam a2200229   4500
=001  19445
=005  20250120120125.0
=008  190708s1999\\\\\\\\\\\\\\\\\\\\\\0\ita
=020  \\$a9788880632252
=041  \\$aita$hfrm
=100  \\$aGallo, Franco Alberto$4aut$920511
=245  \\$aTrascrizione di Machaut:$bRemede de fortune - Ecu bleu - Remede d'amour
=260  \\$aRavenna$bLongo$c1999
=300  \\$a116 pages
=520  \\$aCome si può leggere oggi con interesse un poemetto scritto oltre sei secoli fa in francese antico e destinato ad essere eseguito a scopo didattico dinnanzi ad un piccolo pubblico di nobili ascoltatori? Solamente attraverso una trascrizione del testo che trasmetta l'eredità culturale di una società scomparsa in forma immediatamente accessibile, adatta alla lettura individuale, fornita delle necessarie spiegazioni. Ciò non basterebbe senza un'introduzione che recuperi i punti di riferimento che autore e ascoltatori di un tempo avevano in comune, l'ideale cortese, il modello narrativo del "Roman de la Rose", la particolare situazione culturale del momento.
=600  \0$aMachaut, Guillaume de$dc. 1300-1377$1http://www.wikidata.org/entity/Q200580$917669
=648  \0$aMiddle Ages (500-1400)$1http://www.wikidata.org/entity/Q12554$920964
=650  \0$aPoetry$1http://www.wikidata.org/entity/Q482$93026
=651  \0$aFrance$1http://www.wikidata.org/entity/Q142$9131
=942  \\$cBOO
=952  \\$00$10$2ddc$40$6BIO_MACH_E$70$8BIO$919511$aORPH$bORPH$cKTS1_P$d2021-10-19$oBIO MACH e$p20129890$r2021-01-12 00:00:00$w2021-01-12$yBOO
=999  \\$d19445

