=LDR  05425aam a2200517   4500
=001  19452
=005  20251103150107.0
=008  160703s1862\\\\\\\\\\\\\\\\\\\\\\0dfre\d
=041  \\$afre
=100  \\$aBerlioz, Hector$d1803-1869$4aut$1http://www.wikidata.org/entity/Q1151$99542
=245  \\$aÀ travers chants : $bétudes musicales, adorations, boutades et critiques
=246  \1$aA travers chant
=250  \\$a1st ed.
=260  \\$aParis$bCalmann-Lévy$c1862
=300  \\$a352 pages
=505  \\$aMusique -- Étude critique des symphonies de Beethoven -- Quelques mots sur les trios et les sonates de Beethoven -- Fidelio, opéra en trois actes de Beethoven -- Sa représentation au Théâtre Lyrique -- Beethoven dans l'anneau de Saturne -- Les médiums -- Les appointements des chanteurs -- Sur l'état actuel de l'art du chant dans les Théâtres Lyriques de France et d'Italie, et sur les causes qui l'ont amené -- Les grandes salles, les claqueurs, les instruments à percussion -- Les mauvais chanteurs, les bons chanteurs, le public, les claqueurs -- L’Orphée de Gluck au Théâtre Lyrique -- Lignes écrites quelque temps après la première représentation d'Orphée -- L’Alceste d’Euripide, celles de Quinault et de Calzabigi. Les partitions de Lulli, de Gluck, de Schweitzer, de Guglielmi et de Haendel sur ce sujet -- Reprise de L’Alceste de Gluck à l'Opéra -- Les instruments ajoutés par les modernes aux partitions des maîtres anciens -- Les sons hauts et les sons bas. Le haut et le bas du clavier -- Le Freyschütz de Weber -- Obéron, opéra fantastique de Ch. M. Weber. La première représentation au Théâtre Lyrique -- Abou-Hassan, opéra en un acte du jeune Weber. L’enlèvement au sérail, opéra en deux actes du jeune Mozart. Leur première représentation au Théâtre Lyrique -- Moyen trouvé par M. Delsarte d'accorder les instruments à cordes sans le secours de l'oreille -- La musique à l'église par M. Joseph d'Ortigue -- Mœurs musicales de la Chine -- À MM. les membres de l'Académie des Beaux-Arts de l'Institut -- Le diapason -- Les temps sont proches -- Concerts de Richard Wagner. La musique de l'avenir -- Sunt lacrymæ rerum -- Symphonies de H. Reber. Stephen Heller, Roméo et Juliette, opéra en quatre actes de Bellini. Sa première représentation au Théâtre de l'Opéra. Débuts de madame Vestvali -- À propos d'un ballet de Faust -- Un mot de Beethoven -- To be or not to be -- Paraphrase -- L’École du petit chien
=520  \\$aBerlioz compile en 1862 les articles écrits tout au long de sa carrière pour un derrière ouvrage, A travers chants, avec en sous-titre en forme de programme « études musicales, adorations, boutades et critiques« . Après les jubilatoires Soirées de lorchestre (éditions Symétrie) parues dix ans plus tôt en 1852 et les fantaisistes Grotesques de la musique (1859), Berlioz sattache dabord avec cet ouvrage à rendre hommage aux maîtres qui lont constitué en tant que compositeur, Beethoven surtout, mais aussi Gluck et Weber, et à réaffirmer ses conceptions théoriques, notamment face à Wagner.
=561  \\$aEx libris Nothomb 14 XII 3 (manuscript)
=600  \0$aAlcestis$1http://www.wikidata.org/entity/Q320449$923024
=600  \0$aOrpheus$1http://www.wikidata.org/entity/$911156
=600  \0$aLully, Jean-Baptiste$d1632-1687$1http://www.wikidata.org/entity/Q1192$95867
=600  \0$aHandel, George Frideric$d1685-1759$1http://www.wikidata.org/entity/Q7302$94765
=600  \0$aGluck, Christoph Willibald$d1714-1787$1http://www.wikidata.org/entity/Q130759$96111
=600  \0$aMozart, Wolfgang Amadeus$d1756-1791$1http://www.wikidata.org/entity/Q254$95341
=600  \0$aGuglielmi, Pietro$d1728-1804$1http://www.wikidata.org/entity/Q2094389$95610
=600  \0$aSchweitzer, Anton$d1735-1787$1http://www.wikidata.org/entity/Q128232$923025
=600  \0$aBeethoven, Ludwig van$d1770-1827$1http://www.wikidata.org/entity/Q255$95335
=600  \0$aWeber, Carl Maria von$d1786-1826$1http://www.wikidata.org/entity/Q154812$915418
=600  \0$aDelsarte, François$d1811-1871$1http://www.wikidata.org/entity/Q1397833$97025
=600  \0$aOrtigue, Joseph d'$d1802-1866$1http://www.wikidata.org/entity/Q3185813$923029
=600  \0$aWagner, Richard$d1813-1883$1http://www.wikidata.org/entity/Q1511$97120
=648  \0$a19th Century (1801-1900)$1http://www.wikidata.org/entity/Q6955$920935
=650  \0$aMusic criticism$1http://www.wikidata.org/entity/Q11748889$921598
=650  \0$aMusical analysis$1http://www.wikidata.org/entity/Q1544924$92775
=650  \0$aOpera$1http://www.wikidata.org/entity/Q1344$92468
=650  \0$aSinger$1http://www.wikidata.org/entity/Q177220$93915
=650  \0$aTuning$1http://www.wikidata.org/entity/Q858576$921655
=650  \0$aChurch music$1http://www.wikidata.org/entity/Q8812109$92283
=650  \0$aString instrument$1http://www.wikidata.org/entity/Q1798603$92912
=650  \0$aPerforming pitch$1http://www.wikidata.org/entity/Q1571955$922130
=651  \0$aFrance$1http://www.wikidata.org/entity/Q142$9131
=651  \0$aChina$1http://www.wikidata.org/entity/Q29520$921493
=856  \\$uhttps://gallica.bnf.fr/view3if/ga/ark:/12148/bpt6k103069g$3IIIF
=942  \\$cBOO
=952  \\$00$10$2ddc$40$6KTS_1_000000000000000_H_10_019$70$8RAR$919518$aORPH$bORPH$cKTS1_H$d2021-11-23$oKTS1 H.10.019$p20129615$r2021-01-12 00:00:00$w2021-01-12$yBOO
=999  \\$d19452

