=LDR  01229aam a2200193   4500
=001  19457
=005  20241202101133.0
=008  170104s1992\\\\\\\\\\\\\\\\\\\\\\0\n
=020  \\$a9026311451
=041  \\$adut
=100  \\$4Auteur$aHeld, Klaus$920524
=100  \\$4Vertaler$aDavids, Tinke$920525
=245  \\$aTrefpunt Plato: een filosofische reisgids door de antieke wereld
=260  \\$aBaarn$bAmbo bv$c1992
=300  \\$a272
=520  \\$aTrefpunt Plato is een filosofische reis door de gedachtenwereld van de grondleggers van de Europese cultuur, de Grieken en de Romeinen. Klaus Held doet drieëntwintig belangrijke, centra van wetenschap en filosofie aan: van Milete tot Istanboel. Uitgangspunt zijn de denkbeelden van Plato, wiens ideeën het centrale punt vormen waarmee alle filosofische ontwikkelingen in de oudheid in verband kunnen worden gebracht. 'Boeiende essays met een eigenzinnige visie en aanpak. ik ken weinig boeken waarin de antieke filosofie op zo'n aanstekelijke wijze tot leven wordt gebracht.' Hans Dijkhuis in Trouw
=942  \\$cBOO
=952  \\$00$10$2ddc$40$6PHI_PLAT_B_HELD$70$8PHI$919523$aORPH$bORPH$cKM12_3_2$d2021-08-09$g8.00$oPHI PLAT b HELD$p20133295$r2021-01-12 00:00:00$w2021-01-12$yBOO
=999  \\$c19457$d19457

