=LDR  01335aam a2200181   4500
=001  19468
=005  20250109133052.0
=008  120117s2001\\\\\\\\\\\\\\\\\\\\\\0\d
=020  \\$a3351029152
=041  \\$ager
=100  \\$aQuak, Udo$4aut$920532
=245  \\$aTrost der Töne: Musik und Musiker im Leben Goethes
=260  \\$aBerlin$bAufbau Verlag$c2001
=300  \\$a234
=520  \\$aDie Begeisterung des Rezensenten Dieter Borchmeyer über dies "gefällig-erbauliche" Buch hält sich in Grenzen: wer mehr nicht wissen wolle und dies auch nicht allzu genau, der komme mit dieser musikalischen Biografie Goethes "voll auf seine Kosten". Überraschende Quellen tauchten nicht auf. Neue Einsichten schon gar nicht. Auch die theoretischen Aspekte des Themas werden kaum beleuchtet, meint Borchmeyer. Und von einem "bisher unterbelichteten Bereich der Goethe-Biografie", wie der Klappentext des Buches behauptet, könne beim Komplex Goethe und die Musik heute nun "wirklich nicht mehr die Rede sein". Für all jene, die es dann doch etwas genauer wissen wollen, hält der Rezensent dann einen Exkurs über einschlägige Symposien und Veröffentlichungen zum Thema bereit.
=942  \\$cBOO
=952  \\$00$10$2ddc$40$6BIO_GOET_E$70$8BIO$919534$aORPH$bORPH$cKTS1_P$d2021-10-19$oBIO GOET e$p20129810$r2021-01-12 00:00:00$w2021-01-12$yBOO
=999  \\$c19468$d19468

