=LDR  02353aam a2200205   4500
=001  19475
=005  20250109133052.0
=008  111114s2006\\\\\\\\\\\\\\\\\\\\\\0\e
=020  \\$a9781580462693
=041  \\$aeng
=100  \\$4Editor$aWang, Edward Q.$920538
=100  \\$4Editor$aIggers, Georg G.$920539
=245  \\$aTurning points in historiography: A cross-cultural perspective
=260  \\$aWoodbridge$bBoydell & Brewer$c2006
=300  \\$a362
=520  \\$aUntil recently almost all histories of historiography have focused on national developments or at best introduced a comparative note from a limited Western perspective. Only in the last few years have there been serious attempts to transcend these borders. The present volume examines turning points in historical thought in a variety of cultures. The essays in the first half of the book deal with fundamental reorientations in historical thinking in the pre-modern period since Antiquity, specifically in ancient Greece and China and in medieval Christian Europe, the Islamic world and again China. The essays all proceed from the premise that historical thought in none of these cultures was static but underwent profound changes over time. The essays in the second part deal with historical writing beginning with the professionalization of history in the nineteenth century. National history researched and composed around a master narrative constituted a major turning point in this period. Although the new paradigm emerged in the West, it was broadly accepted by historians throughout the world.in the twentieth century. Individual chapters deal with conceptions of scientific history in the West, a comparison of national histories in Japan, France, and the United States, and the invention of Chinese, African and Indian national histories; finally the critiques of the modern paradigm in postmodernist and postcolonial theory and a consideration of the shortcomings of these critiques.

Georg Iggers is Professor Emeritus of History at the State University of New York at Buffalo; Q. Edward Wang is Associate Professor of History at Rowan University.
=490  \\$aRochester Studies in Historiography
=942  \\$cBOO
=952  \\$00$10$2ddc$40$6PHI_WANG_A$70$8PHI$919541$aORPH$bORPH$cKM12_3_2$d2021-08-06$g26.00$oPHI WANG a$p20133208$r2021-01-12 00:00:00$w2021-01-12$yBOO
=999  \\$c19475$d19475

