=LDR  01606aam a2200181   4500
=001  19476
=005  20230123111200.0
=008  120417s1998\\\\\\\\\\\\\\\\\\\\\\0\n
=020  \\$a9789061686149
=041  \\$adut
=100  \\$aVisser, Ad de$4aut$920540
=245  \\$aDe tweede helft: Beeldende kunst na 1945
=260  \\$aNijmegen$bSun$c1998
=300  \\$a430
=520  \\$aIn De tweede helft vertelt Ad de Visser niet veel schwung het verhaal van de beeldende kunst van de laatste vijftig jaar. de tweede helft van de twintigste eeuw. Zonder de spreekwoordelijke complexiteit van de materie uit de weg te gaan slaagt hij erin de baaierd van stromingen en individuele kunstenaars overzichtelijk te expliciteren en weet hij (beducht voor kunsthistorische clichés, niet afkerig van persoonlijke voorkeur en kritisch commentaar) zijn verhaal levendig te houden. In vier hoofdstukken (eik voorafgegaan door een tijdsbeeld waarin samenleving en cultuur kort worden gekarakteriseerd) presenteert hij de kunst van na 1945 aan de hand van de vier naoorlogse generaties en hun specifieke ambities en preoccupaties: de deugdzame jaren veertig en vijftig, de provocerende jaren zestig, de 'therapeutische' jaren zeventig en tot slot de vrijblijvende, maar verleidelijke jaren tachtig en negentig.

De tweede helft is een verfrissende handleiding voor iedere kunstliefhebber en een gedegen studieboek waarnaar het kunstonderwijs lang heeft uitgezien.

=942  \\$cBOO
=952  \\$00$10$2ddc$40$6VIS_DEVI$70$8VIS$919542$aORPH$bORPH$cKTS1_H$d2022-09-19$l0$oVIS DEVI$p20111123$r2021-01-12 00:00:00$w2021-01-12$yBOO
=999  \\$c19476$d19476

